time,bid,ask,last,volume,time_msc,flags,volume_real
2024-11-29 19:37:04,23.6,23.63,23.63,100,1732909024284,1336,100.0
2024-11-29 18:06:00,23.62,23.75,23.61,5300,1732903560037,1368,5300.0
2024-11-29 18:06:00,23.62,23.75,23.61,6600,1732903560037,1368,6600.0
2024-11-29 17:54:40,23.63,23.66,23.63,100,1732902880848,1368,100.0
2024-11-29 17:54:40,23.64,23.68,23.64,300,1732902880322,1368,300.0
2024-11-29 17:54:39,23.65,23.7,23.65,100,1732902879296,1368,100.0
2024-11-29 17:54:35,23.65,23.7,23.65,100,1732902875825,1368,100.0
2024-11-29 17:54:33,23.66,23.7,23.66,100,1732902873835,1368,100.0
2024-11-29 17:54:29,23.67,23.7,23.66,100,1732902869430,1368,100.0
2024-11-29 17:54:24,23.67,23.7,23.67,100,1732902864975,1368,100.0
2024-11-29 17:54:21,23.65,23.68,23.68,200,1732902861663,1336,200.0
2024-11-29 17:54:16,23.65,23.68,23.68,100,1732902856980,1336,100.0
2024-11-29 17:54:16,23.66,23.69,23.66,100,1732902856355,1368,100.0
2024-11-29 17:54:13,23.66,23.69,23.66,100,1732902853949,1368,100.0
2024-11-29 17:54:12,23.66,23.69,23.68,200,1732902852997,1400,200.0
2024-11-29 17:54:12,23.66,23.69,23.66,100,1732902852997,1368,100.0
2024-11-29 17:54:11,23.67,23.69,23.67,100,1732902851987,1368,100.0
2024-11-29 17:54:06,23.66,23.69,23.66,100,1732902846075,1368,100.0
2024-11-29 17:53:57,23.66,23.69,23.66,100,1732902837237,1368,100.0
2024-11-29 17:53:57,23.66,23.69,23.68,100,1732902837237,1400,100.0
2024-11-29 17:53:48,23.66,23.69,23.66,100,1732902828412,1368,100.0
2024-11-29 17:53:48,23.66,23.69,23.68,100,1732902828413,1400,100.0
2024-11-29 17:53:39,23.66,23.69,23.68,100,1732902819587,1400,100.0
2024-11-29 17:53:39,23.66,23.69,23.66,100,1732902819587,1368,100.0
2024-11-29 17:53:30,23.66,23.69,23.66,100,1732902810754,1368,100.0
2024-11-29 17:53:30,23.66,23.69,23.66,100,1732902810771,1368,100.0
2024-11-29 17:53:30,23.66,23.69,23.68,100,1732902810756,1400,100.0
2024-11-29 17:53:30,23.66,23.69,23.66,100,1732902810773,1368,100.0
2024-11-29 17:53:30,23.66,23.69,23.68,100,1732902810774,1400,100.0
2024-11-29 17:53:21,23.66,23.69,23.68,100,1732902801931,1400,100.0
2024-11-29 17:53:21,23.66,23.69,23.66,100,1732902801930,1368,100.0
2024-11-29 17:53:15,23.67,23.7,23.67,100,1732902795580,1368,100.0
2024-11-29 17:53:13,23.67,23.7,23.67,100,1732902793083,1368,100.0
2024-11-29 17:53:04,23.68,23.7,23.69,100,1732902784261,1400,100.0
2024-11-29 17:53:04,23.68,23.7,23.69,200,1732902784261,1400,200.0
2024-11-29 17:53:04,23.68,23.7,23.68,100,1732902784260,1368,100.0
2024-11-29 17:52:55,23.68,23.71,23.68,100,1732902775436,1368,100.0
2024-11-29 17:52:46,23.68,23.71,23.68,100,1732902766608,1368,100.0
2024-11-29 17:52:46,23.68,23.71,23.7,100,1732902766609,1400,100.0
2024-11-29 17:52:45,23.68,23.7,23.7,100,1732902765978,1336,100.0
2024-11-29 17:52:29,23.68,23.71,23.68,100,1732902749895,1368,100.0
2024-11-29 17:52:25,23.68,23.71,23.7,200,1732902745678,1400,200.0
2024-11-29 17:52:06,23.67,23.7,23.7,400,1732902726914,1336,400.0
2024-11-29 17:52:04,23.67,23.7,23.7,100,1732902724951,1336,100.0
2024-11-29 17:52:02,23.67,23.7,23.69,200,1732902722483,1400,200.0
2024-11-29 17:52:02,23.67,23.7,23.67,100,1732902722483,1368,100.0
2024-11-29 17:51:53,23.67,23.7,23.67,100,1732902713657,1368,100.0
2024-11-29 17:51:44,23.67,23.7,23.67,100,1732902704833,1368,100.0
2024-11-29 17:51:36,23.67,23.7,23.67,100,1732902696007,1368,100.0
2024-11-29 17:51:27,23.67,23.7,23.67,100,1732902687178,1368,100.0
2024-11-29 17:51:27,23.67,23.7,23.69,100,1732902687179,1400,100.0
2024-11-29 17:51:18,23.68,23.7,23.68,100,1732902678338,1368,100.0
2024-11-29 17:51:15,23.67,23.7,23.69,100,1732902675159,1400,100.0
2024-11-29 17:51:09,23.68,23.71,23.68,100,1732902669509,1368,100.0
2024-11-29 17:51:00,23.69,23.71,23.69,100,1732902660685,1368,100.0
2024-11-29 17:50:51,23.69,23.71,23.69,100,1732902651859,1368,100.0
2024-11-29 17:50:45,23.68,23.71,23.7,200,1732902645291,1400,200.0
2024-11-29 17:50:45,23.68,23.71,23.68,100,1732902645290,1368,100.0
2024-11-29 17:50:45,23.68,23.71,23.7,100,1732902645291,1400,100.0
2024-11-29 17:50:44,23.68,23.71,23.68,100,1732902644329,1368,100.0
2024-11-29 17:50:44,23.68,23.71,23.7,100,1732902644329,1400,100.0
2024-11-29 17:50:33,23.7,23.72,23.7,100,1732902633967,1368,100.0
2024-11-29 17:50:25,23.7,23.72,23.7,100,1732902625142,1368,100.0
2024-11-29 17:50:16,23.7,23.72,23.7,100,1732902616311,1368,100.0
2024-11-29 17:50:07,23.7,23.72,23.7,100,1732902607486,1368,100.0
2024-11-29 17:50:00,23.7,23.72,23.72,100,1732902600790,1336,100.0
2024-11-29 17:49:52,23.69,23.71,23.71,100,1732902592165,1336,100.0
2024-11-29 17:49:46,23.68,23.71,23.71,100,1732902586090,1336,100.0
2024-11-29 17:49:45,23.68,23.71,23.71,100,1732902585088,1336,100.0
2024-11-29 17:49:42,23.68,23.71,23.68,100,1732902582270,1368,100.0
2024-11-29 17:49:36,23.68,23.71,23.7,100,1732902576449,1400,100.0
2024-11-29 17:49:26,23.69,23.71,23.7,100,1732902566916,1400,100.0
2024-11-29 17:49:26,23.69,23.71,23.69,100,1732902566916,1368,100.0
2024-11-29 17:49:11,23.69,23.71,23.69,100,1732902551561,1368,100.0
2024-11-29 17:48:56,23.69,23.72,23.69,100,1732902536207,1368,100.0
2024-11-29 17:48:40,23.69,23.72,23.69,100,1732902520852,1368,100.0
2024-11-29 17:48:16,23.69,23.71,23.71,100,1732902496630,1336,100.0
2024-11-29 17:48:10,23.69,23.72,23.69,100,1732902490144,1368,100.0
2024-11-29 17:47:55,23.7,23.73,23.69,200,1732902475356,1368,200.0
2024-11-29 17:47:55,23.7,23.73,23.7,100,1732902475356,1368,100.0
2024-11-29 17:47:55,23.7,23.73,23.68,300,1732902475356,1368,300.0
2024-11-29 17:47:55,23.7,23.73,23.7,100,1732902475357,1368,100.0
2024-11-29 17:47:55,23.7,23.73,23.67,100,1732902475356,1368,100.0
2024-11-29 17:47:54,23.71,23.73,23.71,100,1732902474789,1368,100.0
2024-11-29 17:47:39,23.71,23.73,23.71,100,1732902459427,1368,100.0
2024-11-29 17:47:24,23.71,23.73,23.71,100,1732902444073,1368,100.0
2024-11-29 17:47:08,23.71,23.73,23.71,100,1732902428719,1368,100.0
2024-11-29 17:47:02,23.71,23.73,23.71,100,1732902422607,1368,100.0
2024-11-29 17:46:53,23.71,23.74,23.71,100,1732902413364,1368,100.0
2024-11-29 17:46:32,23.71,23.73,23.73,100,1732902392450,1336,100.0
2024-11-29 17:46:18,23.71,23.73,23.73,100,1732902378653,1336,100.0
2024-11-29 17:46:17,23.71,23.73,23.73,100,1732902377284,1336,100.0
2024-11-29 17:46:16,23.71,23.74,23.73,100,1732902376594,1400,100.0
2024-11-29 17:46:15,23.69,23.71,23.74,100,1732902375675,1336,100.0
2024-11-29 17:46:15,23.69,23.71,23.73,200,1732902375596,1336,200.0
2024-11-29 17:46:15,23.69,23.71,23.71,200,1732902375573,1336,200.0
2024-11-29 17:45:57,23.69,23.71,23.71,100,1732902357488,1336,100.0
2024-11-29 17:45:56,23.68,23.7,23.7,100,1732902356486,1336,100.0
2024-11-29 17:45:56,23.68,23.7,23.7,200,1732902356486,1336,200.0
2024-11-29 17:45:41,23.68,23.7,23.7,100,1732902341377,1336,100.0
2024-11-29 17:44:56,23.67,23.69,23.69,100,1732902296556,1336,100.0
2024-11-29 17:44:56,23.67,23.69,23.69,100,1732902296556,1336,100.0
2024-11-29 17:44:39,23.67,23.69,23.69,100,1732902279812,1336,100.0
2024-11-29 17:44:33,23.67,23.69,23.69,200,1732902273269,1336,200.0
2024-11-29 17:44:31,23.68,23.69,23.68,100,1732902271176,1368,100.0
2024-11-29 17:44:22,23.68,23.69,23.69,100,1732902262688,1336,100.0
2024-11-29 17:44:13,23.68,23.7,23.68,100,1732902253359,1368,100.0
2024-11-29 17:43:55,23.68,23.7,23.68,100,1732902235550,1368,100.0
2024-11-29 17:43:37,23.68,23.71,23.68,100,1732902217739,1368,100.0
2024-11-29 17:43:14,23.68,23.71,23.68,200,1732902194954,1368,200.0
2024-11-29 17:43:07,23.68,23.71,23.71,100,1732902187566,1336,100.0
2024-11-29 17:43:02,23.69,23.71,23.69,100,1732902182121,1368,100.0
2024-11-29 17:42:44,23.69,23.71,23.69,100,1732902164311,1368,100.0
2024-11-29 17:42:31,23.69,23.7,23.7,100,1732902151379,1336,100.0
2024-11-29 17:42:28,23.69,23.7,23.7,100,1732902148019,1336,100.0
2024-11-29 17:42:26,23.69,23.71,23.69,100,1732902146503,1368,100.0
2024-11-29 17:42:08,23.69,23.71,23.69,100,1732902128692,1368,100.0
2024-11-29 17:42:00,23.69,23.71,23.69,100,1732902120146,1368,100.0
2024-11-29 17:42:00,23.69,23.71,23.71,100,1732902120118,1336,100.0
2024-11-29 17:42:00,23.69,23.71,23.69,100,1732902120176,1368,100.0
2024-11-29 17:41:53,23.69,23.71,23.71,100,1732902113871,1336,100.0
2024-11-29 17:41:45,23.69,23.71,23.71,100,1732902105282,1336,100.0
2024-11-29 17:41:21,23.69,23.71,23.71,100,1732902081445,1336,100.0
2024-11-29 17:40:52,23.69,23.71,23.71,100,1732902052206,1336,100.0
2024-11-29 17:40:45,23.69,23.71,23.69,100,1732902045132,1368,100.0
2024-11-29 17:40:41,23.69,23.71,23.71,100,1732902041955,1336,100.0
2024-11-29 17:40:28,23.67,23.7,23.7,500,1732902028829,1336,500.0
2024-11-29 17:40:28,23.67,23.7,23.7,200,1732902028828,1336,200.0
2024-11-29 17:40:21,23.67,23.71,23.67,100,1732902021833,1368,100.0
2024-11-29 17:40:18,23.67,23.7,23.7,100,1732902018784,1336,100.0
2024-11-29 17:40:05,23.67,23.7,23.7,100,1732902005863,1336,100.0
2024-11-29 17:40:04,23.67,23.7,23.67,100,1732902004023,1368,100.0
2024-11-29 17:39:15,23.66,23.69,23.69,100,1732901955478,1336,100.0
2024-11-29 17:39:13,23.66,23.69,23.69,100,1732901953538,1336,100.0
2024-11-29 17:39:09,23.66,23.69,23.69,200,1732901949648,1336,200.0
2024-11-29 17:38:56,23.65,23.68,23.68,100,1732901936141,1336,100.0
2024-11-29 17:38:56,23.67,23.69,23.69,100,1732901936916,1336,100.0
2024-11-29 17:38:56,23.65,23.68,23.68,200,1732901936316,1336,200.0
2024-11-29 17:38:54,23.65,23.67,23.68,100,1732901934914,1336,100.0
2024-11-29 17:38:50,23.64,23.67,23.67,100,1732901930111,1336,100.0
2024-11-29 17:38:11,23.64,23.67,23.67,100,1732901891486,1336,100.0
2024-11-29 17:38:02,23.64,23.67,23.67,100,1732901882389,1336,100.0
2024-11-29 17:37:45,23.64,23.67,23.67,100,1732901865356,1336,100.0
2024-11-29 17:37:41,23.63,23.65,23.65,300,1732901861354,1336,300.0
2024-11-29 17:37:34,23.63,23.65,23.65,100,1732901854445,1336,100.0
2024-11-29 17:37:32,23.63,23.65,23.65,400,1732901852708,1336,400.0
2024-11-29 17:37:06,23.61,23.64,23.64,400,1732901826544,1336,400.0
2024-11-29 17:37:06,23.61,23.64,23.64,100,1732901826543,1336,100.0
2024-11-29 17:37:00,23.61,23.64,23.61,100,1732901820292,1368,100.0
2024-11-29 17:36:50,23.61,23.64,23.61,100,1732901810432,1368,100.0
2024-11-29 17:36:48,23.61,23.64,23.64,100,1732901808863,1336,100.0
2024-11-29 17:36:43,23.61,23.64,23.64,100,1732901803738,1336,100.0
2024-11-29 17:36:31,23.61,23.64,23.61,100,1732901791039,1368,100.0
2024-11-29 17:36:11,23.61,23.64,23.61,100,1732901771642,1368,100.0
2024-11-29 17:35:52,23.62,23.64,23.62,100,1732901752248,1368,100.0
2024-11-29 17:35:32,23.62,23.65,23.62,100,1732901732192,1368,100.0
2024-11-29 17:35:32,23.62,23.65,23.62,100,1732901732853,1368,100.0
2024-11-29 17:35:13,23.62,23.65,23.62,100,1732901713457,1368,100.0
2024-11-29 17:34:55,23.63,23.65,23.63,100,1732901695715,1368,100.0
2024-11-29 17:34:53,23.63,23.65,23.63,100,1732901693695,1368,100.0
2024-11-29 17:34:33,23.62,23.65,23.62,100,1732901673113,1368,100.0
2024-11-29 17:34:16,23.62,23.65,23.65,100,1732901656844,1336,100.0
2024-11-29 17:34:12,23.62,23.65,23.65,100,1732901652674,1336,100.0
2024-11-29 17:34:12,23.62,23.65,23.62,100,1732901652531,1368,100.0
2024-11-29 17:33:51,23.62,23.65,23.62,100,1732901631948,1368,100.0
2024-11-29 17:33:31,23.63,23.66,23.63,100,1732901611367,1368,100.0
2024-11-29 17:33:10,23.63,23.66,23.63,100,1732901590784,1368,100.0
2024-11-29 17:33:03,23.63,23.66,23.64,100,1732901583044,1400,100.0
2024-11-29 17:32:50,23.64,23.66,23.64,100,1732901570190,1368,100.0
2024-11-29 17:32:44,23.63,23.66,23.66,200,1732901564857,1336,200.0
2024-11-29 17:32:44,23.63,23.66,23.66,100,1732901564825,1336,100.0
2024-11-29 17:32:29,23.65,23.68,23.65,100,1732901549604,1368,100.0
2024-11-29 17:32:09,23.65,23.68,23.65,100,1732901529023,1368,100.0
2024-11-29 17:32:03,23.65,23.68,23.65,100,1732901523485,1368,100.0
2024-11-29 17:31:48,23.65,23.68,23.67,100,1732901508602,1400,100.0
2024-11-29 17:31:48,23.65,23.68,23.65,100,1732901508440,1368,100.0
2024-11-29 17:31:45,23.65,23.68,23.65,100,1732901505351,1368,100.0
2024-11-29 17:31:03,23.66,23.68,23.68,100,1732901463030,1336,100.0
2024-11-29 17:31:01,23.65,23.68,23.68,100,1732901461038,1336,100.0
2024-11-29 17:30:28,23.65,23.68,23.65,100,1732901428865,1368,100.0
2024-11-29 17:30:26,23.66,23.68,23.66,100,1732901426112,1368,100.0
2024-11-29 17:30:21,23.66,23.69,23.66,100,1732901421414,1368,100.0
2024-11-29 17:29:47,23.67,23.7,23.67,100,1732901387852,1368,100.0
2024-11-29 17:29:40,23.67,23.7,23.67,200,1732901380616,1368,200.0
2024-11-29 17:29:40,23.67,23.7,23.69,100,1732901380647,1400,100.0
2024-11-29 17:28:30,23.67,23.7,23.67,100,1732901310836,1368,100.0
2024-11-29 17:28:26,23.67,23.7,23.7,100,1732901306596,1336,100.0
2024-11-29 17:27:28,23.67,23.7,23.7,100,1732901248867,1336,100.0
2024-11-29 17:27:20,23.67,23.7,23.7,100,1732901240561,1336,100.0
2024-11-29 17:27:19,23.67,23.69,23.7,100,1732901239934,1336,100.0
2024-11-29 17:27:19,23.67,23.69,23.69,100,1732901239934,1336,100.0
2024-11-29 17:27:01,23.66,23.69,23.66,100,1732901221108,1368,100.0
2024-11-29 17:27:01,23.66,23.69,23.69,100,1732901221034,1336,100.0
2024-11-29 17:26:49,23.66,23.68,23.69,100,1732901209800,1336,100.0
2024-11-29 17:26:49,23.66,23.68,23.68,100,1732901209789,1336,100.0
2024-11-29 17:26:02,23.66,23.69,23.66,100,1732901162016,1368,100.0
2024-11-29 17:25:56,23.66,23.69,23.69,100,1732901156318,1336,100.0
2024-11-29 17:25:44,23.66,23.69,23.67,100,1732901144339,1400,100.0
2024-11-29 17:24:46,23.66,23.69,23.69,100,1732901086350,1336,100.0
2024-11-29 17:24:30,23.66,23.69,23.66,100,1732901070397,1368,100.0
2024-11-29 17:24:00,23.66,23.69,23.66,100,1732901040589,1368,100.0
2024-11-29 17:22:36,23.67,23.7,23.66,100,1732900956783,1368,100.0
2024-11-29 17:22:24,23.67,23.69,23.69,100,1732900944131,1336,100.0
2024-11-29 17:22:16,23.66,23.69,23.69,100,1732900936847,1336,100.0
2024-11-29 17:20:47,23.65,23.68,23.68,100,1732900847157,1336,100.0
2024-11-29 17:20:45,23.65,23.67,23.67,200,1732900845858,1336,200.0
2024-11-29 17:19:52,23.64,23.66,23.66,200,1732900792129,1336,200.0
2024-11-29 17:19:48,23.63,23.66,23.66,100,1732900788346,1336,100.0
2024-11-29 17:18:02,23.63,23.66,23.66,100,1732900682190,1336,100.0
2024-11-29 17:18:00,23.63,23.66,23.63,100,1732900680506,1368,100.0
2024-11-29 17:17:30,23.63,23.66,23.63,100,1732900650012,1368,100.0
2024-11-29 17:17:05,23.63,23.66,23.63,100,1732900625189,1368,100.0
2024-11-29 17:16:47,23.63,23.66,23.63,100,1732900607243,1368,100.0
2024-11-29 17:16:17,23.62,23.66,23.66,200,1732900577285,1336,200.0
2024-11-29 17:15:02,23.62,23.65,23.62,100,1732900502671,1368,100.0
2024-11-29 17:14:48,23.62,23.65,23.65,100,1732900488299,1336,100.0
2024-11-29 17:14:01,23.62,23.65,23.66,100,1732900441668,1336,100.0
2024-11-29 17:13:46,23.62,23.65,23.65,100,1732900426469,1336,100.0
2024-11-29 17:12:54,23.63,23.66,23.65,100,1732900374988,1400,100.0
2024-11-29 17:12:30,23.63,23.66,23.63,100,1732900350933,1368,100.0
2024-11-29 17:12:21,23.63,23.66,23.63,100,1732900341196,1368,100.0
2024-11-29 17:12:00,23.63,23.66,23.63,100,1732900320421,1368,100.0
2024-11-29 17:10:19,23.63,23.66,23.66,100,1732900219212,1336,100.0
2024-11-29 17:09:55,23.63,23.66,23.63,100,1732900195875,1368,100.0
2024-11-29 17:09:38,23.63,23.66,23.66,100,1732900178835,1336,100.0
2024-11-29 17:09:02,23.63,23.65,23.63,100,1732900142358,1368,100.0
2024-11-29 17:07:31,23.63,23.66,23.63,100,1732900051831,1368,100.0
2024-11-29 17:06:30,23.63,23.65,23.65,100,1732899990391,1336,100.0
2024-11-29 17:06:30,23.63,23.65,23.65,1700,1732899990390,1336,1700.0
2024-11-29 17:06:17,23.63,23.64,23.64,200,1732899977496,1336,200.0
2024-11-29 17:06:00,23.63,23.64,23.63,100,1732899960431,1368,100.0
2024-11-29 17:06:00,23.63,23.64,23.63,100,1732899960479,1368,100.0
2024-11-29 17:05:51,23.61,23.63,23.63,100,1732899951292,1336,100.0
2024-11-29 17:05:11,23.61,23.64,23.64,100,1732899911580,1336,100.0
2024-11-29 17:03:06,23.6,23.63,23.64,100,1732899786087,1336,100.0
2024-11-29 17:03:06,23.6,23.63,23.63,100,1732899786087,1336,100.0
2024-11-29 17:03:06,23.6,23.63,23.63,200,1732899786087,1336,200.0
2024-11-29 17:02:33,23.6,23.62,23.6,100,1732899753043,1368,100.0
2024-11-29 17:00:43,23.6,23.61,23.62,100,1732899643767,1336,100.0
2024-11-29 17:00:43,23.6,23.61,23.61,400,1732899643767,1336,400.0
2024-11-29 17:00:09,23.58,23.61,23.61,100,1732899609563,1336,100.0
2024-11-29 17:00:07,23.59,23.61,23.59,200,1732899607383,1368,200.0
2024-11-29 17:00:01,23.58,23.61,23.61,100,1732899601948,1336,100.0
2024-11-29 17:00:00,23.61,23.62,23.61,300,1732899600357,1368,300.0
2024-11-29 16:59:48,23.61,23.62,23.61,200,1732899588356,1368,200.0
2024-11-29 16:59:44,23.59,23.61,23.61,700,1732899584302,1336,700.0
2024-11-29 16:59:43,23.59,23.61,23.59,300,1732899583958,1368,300.0
2024-11-29 16:59:43,23.59,23.61,23.58,5000,1732899583958,1368,5000.0
2024-11-29 16:58:30,23.58,23.61,23.58,100,1732899510528,1368,100.0
2024-11-29 16:58:06,23.59,23.62,23.62,100,1732899486370,1336,100.0
2024-11-29 16:58:00,23.59,23.62,23.59,100,1732899480398,1368,100.0
2024-11-29 16:57:23,23.59,23.62,23.62,100,1732899443538,1336,100.0
2024-11-29 16:57:04,23.6,23.62,23.6,100,1732899424600,1368,100.0
2024-11-29 16:57:00,23.59,23.62,23.59,100,1732899420316,1368,100.0
2024-11-29 16:57:00,23.59,23.62,23.58,100,1732899420375,1368,100.0
2024-11-29 16:56:20,23.59,23.62,23.59,100,1732899380945,1368,100.0
2024-11-29 16:55:06,23.6,23.62,23.6,200,1732899306183,1368,200.0
2024-11-29 16:55:05,23.6,23.62,23.62,100,1732899305241,1336,100.0
2024-11-29 16:53:39,23.61,23.62,23.62,100,1732899219903,1336,100.0
2024-11-29 16:53:35,23.61,23.62,23.6,200,1732899215375,1368,200.0
2024-11-29 16:53:35,23.61,23.62,23.61,200,1732899215375,1368,200.0
2024-11-29 16:53:34,23.6,23.61,23.61,200,1732899214959,1336,200.0
2024-11-29 16:53:33,23.6,23.61,23.61,200,1732899213281,1336,200.0
2024-11-29 16:53:30,23.6,23.61,23.61,100,1732899210375,1336,100.0
2024-11-29 16:53:17,23.58,23.61,23.61,100,1732899197685,1336,100.0
2024-11-29 16:53:08,23.6,23.61,23.6,500,1732899188573,1368,500.0
2024-11-29 16:53:00,23.6,23.61,23.6,100,1732899180468,1368,100.0
2024-11-29 16:51:45,23.6,23.62,23.62,100,1732899105350,1336,100.0
2024-11-29 16:49:34,23.6,23.62,23.62,300,1732898974295,1336,300.0
2024-11-29 16:49:34,23.6,23.62,23.62,100,1732898974295,1336,100.0
2024-11-29 16:49:34,23.6,23.62,23.61,100,1732898974295,1400,100.0
2024-11-29 16:48:00,23.6,23.62,23.6,100,1732898880042,1368,100.0
2024-11-29 16:47:59,23.62,23.63,23.62,900,1732898879797,1368,900.0
2024-11-29 16:47:31,23.6,23.62,23.62,300,1732898851533,1336,300.0
2024-11-29 16:47:31,23.6,23.62,23.62,200,1732898851521,1336,200.0
2024-11-29 16:47:25,23.6,23.62,23.62,100,1732898845865,1336,100.0
2024-11-29 16:45:12,23.6,23.63,23.63,100,1732898712406,1336,100.0
2024-11-29 16:45:09,23.6,23.63,23.6,100,1732898709821,1368,100.0
2024-11-29 16:45:01,23.61,23.63,23.6,100,1732898701369,1368,100.0
2024-11-29 16:43:46,23.6,23.62,23.62,100,1732898626878,1336,100.0
2024-11-29 16:43:04,23.6,23.62,23.62,100,1732898584027,1336,100.0
2024-11-29 16:43:01,23.6,23.62,23.6,100,1732898581061,1368,100.0
2024-11-29 16:42:00,23.6,23.62,23.6,100,1732898520866,1368,100.0
2024-11-29 16:41:33,23.59,23.62,23.62,100,1732898493313,1336,100.0
2024-11-29 16:41:31,23.59,23.62,23.62,100,1732898491476,1336,100.0
2024-11-29 16:39:53,23.59,23.61,23.61,200,1732898393481,1336,200.0
2024-11-29 16:39:50,23.59,23.6,23.6,100,1732898390592,1336,100.0
2024-11-29 16:39:50,23.59,23.6,23.6,400,1732898390593,1336,400.0
2024-11-29 16:39:00,23.58,23.59,23.58,100,1732898340965,1368,100.0
2024-11-29 16:38:50,23.58,23.59,23.59,100,1732898330085,1336,100.0
2024-11-29 16:38:02,23.58,23.59,23.58,100,1732898282286,1368,100.0
2024-11-29 16:37:45,23.58,23.59,23.59,100,1732898265105,1336,100.0
2024-11-29 16:36:04,23.57,23.59,23.57,100,1732898164748,1368,100.0
2024-11-29 16:34:50,23.56,23.59,23.59,400,1732898090568,1336,400.0
2024-11-29 16:34:25,23.57,23.59,23.57,100,1732898065953,1368,100.0
2024-11-29 16:34:13,23.57,23.59,23.59,100,1732898053735,1336,100.0
2024-11-29 16:33:16,23.57,23.59,23.57,100,1732897996383,1368,100.0
2024-11-29 16:33:06,23.57,23.6,23.57,100,1732897986194,1368,100.0
2024-11-29 16:33:06,23.57,23.6,23.57,100,1732897986186,1368,100.0
2024-11-29 16:32:57,23.58,23.6,23.58,100,1732897977352,1368,100.0
2024-11-29 16:31:43,23.58,23.61,23.58,200,1732897903217,1368,200.0
2024-11-29 16:31:43,23.58,23.61,23.57,300,1732897903217,1368,300.0
2024-11-29 16:31:01,23.59,23.61,23.59,100,1732897861792,1368,100.0
2024-11-29 16:30:01,23.58,23.61,23.58,100,1732897801619,1368,100.0
2024-11-29 16:30:01,23.58,23.61,23.58,100,1732897801631,1368,100.0
2024-11-29 16:29:46,23.58,23.6,23.6,100,1732897786991,1336,100.0
2024-11-29 16:28:47,23.58,23.62,23.61,100,1732897727402,1400,100.0
2024-11-29 16:28:40,23.61,23.62,23.61,400,1732897720634,1368,400.0
2024-11-29 16:28:31,23.59,23.62,23.59,100,1732897711117,1368,100.0
2024-11-29 16:27:50,23.58,23.62,23.61,100,1732897670428,1400,100.0
2024-11-29 16:27:50,23.58,23.62,23.58,200,1732897670311,1368,200.0
2024-11-29 16:26:41,23.58,23.62,23.58,100,1732897601267,1368,100.0
2024-11-29 16:26:27,23.58,23.61,23.61,100,1732897587659,1336,100.0
2024-11-29 16:25:41,23.58,23.61,23.61,100,1732897541519,1336,100.0
2024-11-29 16:24:00,23.59,23.62,23.59,100,1732897440530,1368,100.0
2024-11-29 16:23:31,23.58,23.62,23.61,100,1732897411777,1400,100.0
2024-11-29 16:23:30,23.61,23.62,23.58,100,1732897410209,1368,100.0
2024-11-29 16:23:30,23.61,23.62,23.61,300,1732897410183,1368,300.0
2024-11-29 16:23:02,23.58,23.61,23.59,1300,1732897382848,1400,1300.0
2024-11-29 16:22:50,23.58,23.61,23.61,100,1732897370860,1336,100.0
2024-11-29 16:22:06,23.59,23.62,23.61,100,1732897326806,1400,100.0
2024-11-29 16:22:00,23.59,23.62,23.61,100,1732897320947,1400,100.0
2024-11-29 16:21:31,23.58,23.61,23.63,100,1732897291488,1336,100.0
2024-11-29 16:21:31,23.58,23.61,23.62,200,1732897291488,1336,200.0
2024-11-29 16:21:31,23.58,23.61,23.61,400,1732897291488,1336,400.0
2024-11-29 16:21:31,23.58,23.61,23.64,300,1732897291488,1336,300.0
2024-11-29 16:21:08,23.58,23.61,23.61,100,1732897268206,1336,100.0
2024-11-29 16:20:40,23.58,23.59,23.59,400,1732897240786,1336,400.0
2024-11-29 16:19:40,23.6,23.62,23.6,400,1732897180430,1368,400.0
2024-11-29 16:18:39,23.6,23.62,23.6,100,1732897119924,1368,100.0
2024-11-29 16:18:00,23.61,23.62,23.61,100,1732897080200,1368,100.0
2024-11-29 16:16:56,23.61,23.63,23.63,100,1732897016901,1336,100.0
2024-11-29 16:14:57,23.62,23.65,23.62,100,1732896897744,1368,100.0
2024-11-29 16:14:36,23.62,23.63,23.62,100,1732896876330,1368,100.0
2024-11-29 16:14:35,23.62,23.65,23.62,100,1732896875632,1368,100.0
2024-11-29 16:14:23,23.6,23.62,23.62,100,1732896863304,1336,100.0
2024-11-29 16:14:14,23.59,23.62,23.62,100,1732896854591,1336,100.0
2024-11-29 16:14:13,23.58,23.6,23.6,100,1732896853591,1336,100.0
2024-11-29 16:14:08,23.56,23.58,23.58,100,1732896848772,1336,100.0
2024-11-29 16:13:53,23.56,23.58,23.58,100,1732896833466,1336,100.0
2024-11-29 16:13:36,23.55,23.58,23.55,100,1732896816844,1368,100.0
2024-11-29 16:12:49,23.56,23.58,23.56,100,1732896769317,1368,100.0
2024-11-29 16:12:43,23.56,23.58,23.58,100,1732896763107,1336,100.0
2024-11-29 16:12:30,23.57,23.58,23.57,100,1732896750297,1368,100.0
2024-11-29 16:12:01,23.56,23.58,23.56,100,1732896721198,1368,100.0
2024-11-29 16:12:01,23.56,23.58,23.56,100,1732896721198,1368,100.0
2024-11-29 16:12:00,23.56,23.57,23.56,100,1732896720398,1368,100.0
2024-11-29 16:12:00,23.56,23.57,23.56,100,1732896720407,1368,100.0
2024-11-29 16:10:50,23.54,23.57,23.57,100,1732896650468,1336,100.0
2024-11-29 16:09:55,23.53,23.56,23.56,100,1732896595029,1336,100.0
2024-11-29 16:09:55,23.53,23.56,23.56,100,1732896595153,1336,100.0
2024-11-29 16:09:00,23.52,23.55,23.52,100,1732896540993,1368,100.0
2024-11-29 16:08:59,23.52,23.55,23.55,200,1732896539547,1336,200.0
2024-11-29 16:08:51,23.53,23.55,23.51,300,1732896531227,1368,300.0
2024-11-29 16:08:51,23.53,23.55,23.52,800,1732896531227,1368,800.0
2024-11-29 16:08:51,23.53,23.55,23.53,100,1732896531227,1368,100.0
2024-11-29 16:08:31,23.52,23.55,23.54,100,1732896511162,1400,100.0
2024-11-29 16:08:31,23.52,23.54,23.52,100,1732896511770,1368,100.0
2024-11-29 16:08:31,23.52,23.55,23.52,100,1732896511314,1368,100.0
2024-11-29 16:08:19,23.53,23.55,23.55,100,1732896499550,1336,100.0
2024-11-29 16:07:36,23.51,23.53,23.53,900,1732896456313,1336,900.0
2024-11-29 16:07:36,23.51,23.53,23.51,100,1732896456303,1368,100.0
2024-11-29 16:06:00,23.51,23.53,23.51,100,1732896360178,1368,100.0
2024-11-29 16:04:02,23.52,23.53,23.52,100,1732896242663,1368,100.0
2024-11-29 16:03:02,23.52,23.53,23.52,100,1732896182091,1368,100.0
2024-11-29 16:02:40,23.52,23.53,23.52,100,1732896160825,1368,100.0
2024-11-29 16:00:32,23.52,23.53,23.53,100,1732896032763,1336,100.0
2024-11-29 16:00:00,23.52,23.54,23.52,100,1732896000269,1368,100.0
2024-11-29 15:59:42,23.52,23.54,23.54,100,1732895982135,1336,100.0
2024-11-29 15:59:33,23.52,23.55,23.52,100,1732895973558,1368,100.0
2024-11-29 15:59:33,23.52,23.55,23.52,100,1732895973577,1368,100.0
2024-11-29 15:59:01,23.53,23.55,23.53,100,1732895941582,1368,100.0
2024-11-29 15:58:37,23.52,23.55,23.52,100,1732895917633,1368,100.0
2024-11-29 15:57:50,23.52,23.55,23.55,100,1732895870093,1336,100.0
2024-11-29 15:57:00,23.53,23.55,23.53,100,1732895820939,1368,100.0
2024-11-29 15:54:47,23.53,23.55,23.53,500,1732895687991,1368,500.0
2024-11-29 15:54:01,23.52,23.55,23.52,100,1732895641497,1368,100.0
2024-11-29 15:54:01,23.52,23.55,23.52,100,1732895641493,1368,100.0
2024-11-29 15:54:01,23.52,23.55,23.52,100,1732895641488,1368,100.0
2024-11-29 15:53:48,23.54,23.55,23.54,100,1732895628130,1368,100.0
2024-11-29 15:51:53,23.51,23.53,23.53,200,1732895513812,1336,200.0
2024-11-29 15:51:45,23.5,23.53,23.53,100,1732895505350,1336,100.0
2024-11-29 15:51:27,23.5,23.53,23.53,100,1732895487194,1336,100.0
2024-11-29 15:50:12,23.5,23.52,23.52,100,1732895412888,1336,100.0
2024-11-29 15:49:01,23.49,23.52,23.49,100,1732895341395,1368,100.0
2024-11-29 15:48:32,23.49,23.52,23.49,100,1732895312429,1368,100.0
2024-11-29 15:48:05,23.5,23.52,23.5,100,1732895285823,1368,100.0
2024-11-29 15:47:42,23.5,23.52,23.52,100,1732895262492,1336,100.0
2024-11-29 15:46:09,23.5,23.52,23.51,100,1732895169844,1400,100.0
2024-11-29 15:45:44,23.49,23.52,23.52,100,1732895144843,1336,100.0
2024-11-29 15:45:01,23.49,23.52,23.49,100,1732895101747,1368,100.0
2024-11-29 15:45:01,23.49,23.52,23.49,100,1732895101757,1368,100.0
2024-11-29 15:44:09,23.49,23.52,23.49,100,1732895049956,1368,100.0
2024-11-29 15:44:00,23.49,23.51,23.5,100,1732895040619,1400,100.0
2024-11-29 15:43:54,23.49,23.51,23.51,200,1732895034540,1336,200.0
2024-11-29 15:43:24,23.49,23.51,23.49,100,1732895004611,1368,100.0
2024-11-29 15:42:23,23.5,23.51,23.49,200,1732894943858,1368,200.0
2024-11-29 15:42:23,23.5,23.51,23.48,100,1732894943858,1368,100.0
2024-11-29 15:42:23,23.5,23.51,23.5,100,1732894943858,1368,100.0
2024-11-29 15:42:02,23.51,23.52,23.5,100,1732894922132,1368,100.0
2024-11-29 15:42:02,23.51,23.52,23.51,200,1732894922126,1368,200.0
2024-11-29 15:39:37,23.49,23.51,23.51,300,1732894777968,1336,300.0
2024-11-29 15:39:31,23.49,23.51,23.49,100,1732894771226,1368,100.0
2024-11-29 15:38:44,23.49,23.51,23.51,100,1732894724745,1336,100.0
2024-11-29 15:38:29,23.49,23.51,23.49,100,1732894709138,1368,100.0
2024-11-29 15:36:00,23.49,23.52,23.49,100,1732894560612,1368,100.0
2024-11-29 15:36:00,23.49,23.52,23.49,100,1732894560629,1368,100.0
2024-11-29 15:35:56,23.49,23.52,23.52,100,1732894556550,1336,100.0
2024-11-29 15:34:36,23.5,23.53,23.5,100,1732894476232,1368,100.0
2024-11-29 15:34:36,23.5,23.53,23.53,100,1732894476212,1336,100.0
2024-11-29 15:33:55,23.5,23.52,23.52,100,1732894435864,1336,100.0
2024-11-29 15:33:38,23.51,23.52,23.51,100,1732894418673,1368,100.0
2024-11-29 15:33:05,23.5,23.52,23.5,100,1732894385383,1368,100.0
2024-11-29 15:32:43,23.5,23.53,23.5,100,1732894363666,1368,100.0
2024-11-29 15:30:01,23.53,23.54,23.53,100,1732894201977,1368,100.0
2024-11-29 15:29:58,23.53,23.54,23.54,200,1732894198835,1336,200.0
2024-11-29 15:29:35,23.53,23.54,23.53,100,1732894175901,1368,100.0
2024-11-29 15:28:35,23.51,23.54,23.51,100,1732894115449,1368,100.0
2024-11-29 15:27:04,23.52,23.54,23.52,100,1732894024922,1368,100.0
2024-11-29 15:26:12,23.52,23.55,23.55,100,1732893972864,1336,100.0
2024-11-29 15:26:01,23.52,23.55,23.52,100,1732893961041,1368,100.0
2024-11-29 15:25:35,23.51,23.53,23.53,300,1732893935833,1336,300.0
2024-11-29 15:24:59,23.51,23.53,23.53,100,1732893899508,1336,100.0
2024-11-29 15:24:30,23.52,23.53,23.51,100,1732893870651,1368,100.0
2024-11-29 15:24:30,23.52,23.53,23.52,100,1732893870638,1368,100.0
2024-11-29 15:24:01,23.53,23.55,23.53,100,1732893841390,1368,100.0
2024-11-29 15:23:39,23.52,23.55,23.52,100,1732893819639,1368,100.0
2024-11-29 15:21:31,23.52,23.55,23.55,100,1732893691296,1336,100.0
2024-11-29 15:21:15,23.53,23.56,23.53,100,1732893675258,1368,100.0
2024-11-29 15:21:00,23.53,23.56,23.53,100,1732893660331,1368,100.0
2024-11-29 15:20:24,23.53,23.55,23.55,200,1732893624167,1336,200.0
2024-11-29 15:20:24,23.53,23.56,23.53,100,1732893624904,1368,100.0
2024-11-29 15:20:07,23.52,23.54,23.54,200,1732893607290,1336,200.0
2024-11-29 15:19:33,23.53,23.55,23.53,100,1732893573735,1368,100.0
2024-11-29 15:19:07,23.54,23.55,23.54,100,1732893547885,1368,100.0
2024-11-29 15:18:53,23.53,23.55,23.53,100,1732893533378,1368,100.0
2024-11-29 15:18:05,23.54,23.56,23.53,100,1732893485243,1368,100.0
2024-11-29 15:18:05,23.54,23.56,23.54,100,1732893485231,1368,100.0
2024-11-29 15:16:25,23.54,23.56,23.56,100,1732893385835,1336,100.0
2024-11-29 15:15:32,23.54,23.56,23.56,100,1732893332455,1336,100.0
2024-11-29 15:15:00,23.53,23.56,23.53,100,1732893300377,1368,100.0
2024-11-29 15:14:30,23.54,23.57,23.54,100,1732893270111,1368,100.0
2024-11-29 15:14:23,23.54,23.56,23.57,100,1732893263249,1336,100.0
2024-11-29 15:13:41,23.54,23.57,23.54,100,1732893221711,1368,100.0
2024-11-29 15:12:24,23.54,23.57,23.57,100,1732893144476,1336,100.0
2024-11-29 15:10:03,23.54,23.57,23.54,100,1732893003657,1368,100.0
2024-11-29 15:09:42,23.54,23.57,23.57,100,1732892982449,1336,100.0
2024-11-29 15:09:31,23.54,23.57,23.54,100,1732892971399,1368,100.0
2024-11-29 15:09:02,23.55,23.57,23.55,100,1732892942320,1368,100.0
2024-11-29 15:09:00,23.55,23.57,23.55,100,1732892940169,1368,100.0
2024-11-29 15:09:00,23.55,23.57,23.55,100,1732892940305,1368,100.0
2024-11-29 15:07:53,23.55,23.57,23.57,100,1732892873710,1336,100.0
2024-11-29 15:06:27,23.56,23.58,23.56,100,1732892787592,1368,100.0
2024-11-29 15:06:01,23.56,23.58,23.56,100,1732892761062,1368,100.0
2024-11-29 15:05:01,23.56,23.59,23.57,100,1732892701229,1400,100.0
2024-11-29 15:04:29,23.56,23.59,23.56,100,1732892669395,1368,100.0
2024-11-29 15:03:26,23.56,23.59,23.59,100,1732892606145,1336,100.0
2024-11-29 15:03:00,23.56,23.59,23.56,100,1732892580002,1368,100.0
2024-11-29 15:00:00,23.56,23.59,23.56,100,1732892400375,1368,100.0
2024-11-29 15:00:00,23.56,23.59,23.57,100,1732892400338,1400,100.0
2024-11-29 14:59:54,23.56,23.59,23.59,100,1732892394351,1336,100.0
2024-11-29 14:59:25,23.56,23.59,23.56,100,1732892365866,1368,100.0
2024-11-29 14:59:19,23.57,23.59,23.59,100,1732892359345,1336,100.0
2024-11-29 14:59:00,23.58,23.6,23.58,300,1732892340556,1368,300.0
2024-11-29 14:57:31,23.59,23.61,23.59,300,1732892251740,1368,300.0
2024-11-29 14:57:13,23.59,23.61,23.61,100,1732892233730,1336,100.0
2024-11-29 14:57:02,23.59,23.61,23.59,100,1732892222887,1368,100.0
2024-11-29 14:55:48,23.59,23.62,23.63,200,1732892148036,1336,200.0
2024-11-29 14:55:48,23.59,23.62,23.62,600,1732892148036,1336,600.0
2024-11-29 14:55:34,23.59,23.62,23.62,100,1732892134603,1336,100.0
2024-11-29 14:55:32,23.59,23.61,23.61,100,1732892132988,1336,100.0
2024-11-29 14:55:30,23.59,23.61,23.61,100,1732892130406,1336,100.0
2024-11-29 14:55:06,23.59,23.61,23.59,100,1732892106374,1368,100.0
2024-11-29 14:54:41,23.59,23.62,23.59,100,1732892081305,1368,100.0
2024-11-29 14:54:07,23.6,23.62,23.6,100,1732892047826,1368,100.0
2024-11-29 14:53:38,23.59,23.62,23.62,100,1732892018741,1336,100.0
2024-11-29 14:52:52,23.6,23.62,23.62,100,1732891972564,1336,100.0
2024-11-29 14:52:03,23.59,23.62,23.62,100,1732891923655,1336,100.0
2024-11-29 14:51:29,23.59,23.62,23.62,100,1732891889856,1336,100.0
2024-11-29 14:51:00,23.6,23.63,23.6,100,1732891860612,1368,100.0
2024-11-29 14:51:00,23.6,23.63,23.6,100,1732891860602,1368,100.0
2024-11-29 14:50:40,23.61,23.63,23.61,200,1732891840200,1368,200.0
2024-11-29 14:50:11,23.61,23.64,23.61,100,1732891811630,1368,100.0
2024-11-29 14:50:10,23.61,23.64,23.64,100,1732891810304,1336,100.0
2024-11-29 14:50:05,23.62,23.64,23.62,100,1732891805069,1368,100.0
2024-11-29 14:50:04,23.62,23.64,23.62,100,1732891804841,1368,100.0
2024-11-29 14:50:01,23.62,23.64,23.62,100,1732891801266,1368,100.0
2024-11-29 14:48:15,23.62,23.64,23.64,100,1732891695138,1336,100.0
2024-11-29 14:47:45,23.62,23.64,23.62,100,1732891665284,1368,100.0
2024-11-29 14:47:00,23.62,23.64,23.64,100,1732891620268,1336,100.0
2024-11-29 14:45:29,23.62,23.64,23.64,300,1732891529452,1336,300.0
2024-11-29 14:45:13,23.63,23.64,23.62,100,1732891513103,1368,100.0
2024-11-29 14:45:13,23.63,23.64,23.63,100,1732891513103,1368,100.0
2024-11-29 14:45:09,23.63,23.64,23.63,100,1732891509646,1368,100.0
2024-11-29 14:44:54,23.63,23.64,23.64,100,1732891494730,1336,100.0
2024-11-29 14:43:52,23.62,23.64,23.62,100,1732891432226,1368,100.0
2024-11-29 14:43:44,23.62,23.64,23.64,100,1732891424653,1336,100.0
2024-11-29 14:42:00,23.61,23.64,23.61,100,1732891320426,1368,100.0
2024-11-29 14:42:00,23.61,23.64,23.61,100,1732891320398,1368,100.0
2024-11-29 14:41:02,23.62,23.65,23.62,100,1732891262700,1368,100.0
2024-11-29 14:40:33,23.64,23.65,23.64,100,1732891233952,1368,100.0
2024-11-29 14:40:33,23.64,23.65,23.64,2100,1732891233948,1368,2100.0
2024-11-29 14:40:01,23.64,23.65,23.65,100,1732891201126,1336,100.0
2024-11-29 14:39:33,23.64,23.65,23.65,100,1732891173729,1336,100.0
2024-11-29 14:39:33,23.64,23.65,23.64,100,1732891173233,1368,100.0
2024-11-29 14:39:04,23.63,23.65,23.63,100,1732891144381,1368,100.0
2024-11-29 14:39:04,23.63,23.65,23.65,100,1732891144366,1336,100.0
2024-11-29 14:37:36,23.63,23.65,23.65,100,1732891056731,1336,100.0
2024-11-29 14:35:36,23.62,23.65,23.62,100,1732890936573,1368,100.0
2024-11-29 14:35:36,23.62,23.65,23.62,100,1732890936560,1368,100.0
2024-11-29 14:35:17,23.62,23.64,23.64,100,1732890917484,1336,100.0
2024-11-29 14:35:17,23.62,23.64,23.64,100,1732890917474,1336,100.0
2024-11-29 14:34:36,23.62,23.65,23.65,100,1732890876280,1336,100.0
2024-11-29 14:33:44,23.62,23.65,23.65,100,1732890824730,1336,100.0
2024-11-29 14:33:00,23.62,23.65,23.63,100,1732890780358,1400,100.0
2024-11-29 14:33:00,23.62,23.65,23.62,100,1732890780388,1368,100.0
2024-11-29 14:31:39,23.62,23.65,23.65,100,1732890699730,1336,100.0
2024-11-29 14:31:39,23.62,23.64,23.64,100,1732890699163,1336,100.0
2024-11-29 14:31:31,23.62,23.64,23.64,100,1732890691170,1336,100.0
2024-11-29 14:31:30,23.62,23.64,23.64,100,1732890690284,1336,100.0
2024-11-29 14:30:42,23.61,23.64,23.64,100,1732890642281,1336,100.0
2024-11-29 14:30:41,23.61,23.63,23.64,200,1732890641243,1336,200.0
2024-11-29 14:30:36,23.61,23.63,23.63,100,1732890636417,1336,100.0
2024-11-29 14:30:34,23.61,23.63,23.61,100,1732890634852,1368,100.0
2024-11-29 14:30:18,23.61,23.63,23.63,100,1732890618671,1336,100.0
2024-11-29 14:30:03,23.61,23.64,23.61,100,1732890603312,1368,100.0
2024-11-29 14:29:50,23.61,23.64,23.64,100,1732890590730,1336,100.0
2024-11-29 14:29:22,23.6,23.63,23.63,100,1732890562355,1336,100.0
2024-11-29 14:29:21,23.6,23.61,23.61,100,1732890561062,1336,100.0
2024-11-29 14:29:21,23.6,23.61,23.61,200,1732890561126,1336,200.0
2024-11-29 14:27:17,23.6,23.62,23.62,100,1732890437664,1336,100.0
2024-11-29 14:27:00,23.6,23.62,23.6,100,1732890420871,1368,100.0
2024-11-29 14:26:16,23.6,23.62,23.62,100,1732890376204,1336,100.0
2024-11-29 14:25:51,23.6,23.61,23.61,100,1732890351729,1336,100.0
2024-11-29 14:25:31,23.6,23.61,23.6,100,1732890331759,1368,100.0
2024-11-29 14:24:02,23.6,23.62,23.6,100,1732890242154,1368,100.0
2024-11-29 14:23:28,23.6,23.61,23.61,100,1732890208729,1336,100.0
2024-11-29 14:22:47,23.6,23.62,23.63,100,1732890167603,1336,100.0
2024-11-29 14:22:47,23.6,23.62,23.63,200,1732890167603,1336,200.0
2024-11-29 14:22:47,23.6,23.62,23.62,300,1732890167603,1336,300.0
2024-11-29 14:22:11,23.6,23.62,23.62,100,1732890131426,1336,100.0
2024-11-29 14:21:35,23.6,23.61,23.61,200,1732890095867,1336,200.0
2024-11-29 14:21:26,23.6,23.61,23.61,100,1732890086730,1336,100.0
2024-11-29 14:21:19,23.57,23.6,23.6,200,1732890079757,1336,200.0
2024-11-29 14:21:19,23.57,23.6,23.6,100,1732890079757,1336,100.0
2024-11-29 14:21:10,23.57,23.6,23.57,100,1732890070140,1368,100.0
2024-11-29 14:20:31,23.58,23.6,23.57,100,1732890031995,1368,100.0
2024-11-29 14:20:31,23.58,23.6,23.58,100,1732890031986,1368,100.0
2024-11-29 14:19:33,23.57,23.6,23.6,100,1732889973729,1336,100.0
2024-11-29 14:18:27,23.57,23.6,23.6,100,1732889907769,1336,100.0
2024-11-29 14:18:00,23.57,23.6,23.57,100,1732889880091,1368,100.0
2024-11-29 14:16:57,23.57,23.6,23.6,100,1732889817284,1336,100.0
2024-11-29 14:16:00,23.58,23.6,23.58,100,1732889760037,1368,100.0
2024-11-29 14:15:24,23.58,23.61,23.58,200,1732889724402,1368,200.0
2024-11-29 14:15:24,23.58,23.61,23.58,100,1732889724437,1368,100.0
2024-11-29 14:15:02,23.58,23.61,23.61,100,1732889702729,1336,100.0
2024-11-29 14:15:02,23.59,23.61,23.59,100,1732889702029,1368,100.0
2024-11-29 14:15:02,23.59,23.61,23.59,100,1732889702006,1368,100.0
2024-11-29 14:14:28,23.59,23.62,23.62,100,1732889668344,1336,100.0
2024-11-29 14:14:24,23.59,23.6,23.6,300,1732889664325,1336,300.0
2024-11-29 14:14:06,23.57,23.59,23.6,200,1732889646186,1336,200.0
2024-11-29 14:14:06,23.57,23.59,23.59,200,1732889646186,1336,200.0
2024-11-29 14:14:03,23.57,23.58,23.58,400,1732889643709,1336,400.0
2024-11-29 14:13:06,23.59,23.62,23.59,100,1732889586293,1368,100.0
2024-11-29 14:13:06,23.59,23.62,23.56,200,1732889586292,1368,200.0
2024-11-29 14:13:06,23.59,23.62,23.57,300,1732889586292,1368,300.0
2024-11-29 14:13:06,23.59,23.62,23.58,600,1732889586292,1368,600.0
2024-11-29 14:13:06,23.59,23.62,23.59,200,1732889586292,1368,200.0
2024-11-29 14:13:05,23.61,23.63,23.61,400,1732889585209,1368,400.0
2024-11-29 14:12:57,23.61,23.63,23.61,100,1732889577473,1368,100.0
2024-11-29 14:11:16,23.61,23.63,23.63,100,1732889476420,1336,100.0
2024-11-29 14:11:12,23.62,23.64,23.62,200,1732889472490,1368,200.0
2024-11-29 14:11:00,23.63,23.65,23.62,200,1732889460807,1368,200.0
2024-11-29 14:10:47,23.64,23.65,23.64,100,1732889447657,1368,100.0
2024-11-29 14:10:45,23.64,23.66,23.64,100,1732889445779,1368,100.0
2024-11-29 14:10:36,23.65,23.66,23.65,400,1732889436256,1368,400.0
2024-11-29 14:09:57,23.65,23.67,23.67,300,1732889397396,1336,300.0
2024-11-29 14:09:06,23.66,23.67,23.66,400,1732889346378,1368,400.0
2024-11-29 14:09:02,23.67,23.68,23.67,500,1732889342815,1368,500.0
2024-11-29 14:06:05,23.67,23.69,23.67,100,1732889165679,1368,100.0
2024-11-29 14:06:02,23.68,23.7,23.67,100,1732889162031,1368,100.0
2024-11-29 14:06:02,23.68,23.7,23.68,100,1732889162029,1368,100.0
2024-11-29 14:06:02,23.68,23.7,23.68,100,1732889162023,1368,100.0
2024-11-29 14:05:30,23.69,23.7,23.69,100,1732889130155,1368,100.0
2024-11-29 14:05:27,23.69,23.7,23.7,500,1732889127939,1336,500.0
2024-11-29 14:05:14,23.69,23.7,23.7,100,1732889114729,1336,100.0
2024-11-29 14:05:14,23.69,23.7,23.7,100,1732889114665,1336,100.0
2024-11-29 14:05:05,23.67,23.69,23.69,200,1732889105776,1336,200.0
2024-11-29 14:05:00,23.67,23.69,23.69,100,1732889100835,1336,100.0
2024-11-29 14:05:00,23.67,23.69,23.69,100,1732889100123,1336,100.0
2024-11-29 14:04:15,23.67,23.7,23.7,100,1732889055534,1336,100.0
2024-11-29 14:04:14,23.67,23.7,23.7,100,1732889054306,1336,100.0
2024-11-29 14:03:22,23.67,23.69,23.69,100,1732889002730,1336,100.0
2024-11-29 14:03:09,23.67,23.69,23.69,100,1732888989919,1336,100.0
2024-11-29 14:03:08,23.67,23.69,23.67,100,1732888988790,1368,100.0
2024-11-29 14:02:13,23.67,23.69,23.69,100,1732888933377,1336,100.0
2024-11-29 14:02:01,23.67,23.69,23.69,100,1732888921137,1336,100.0
2024-11-29 14:01:37,23.66,23.69,23.69,100,1732888897412,1336,100.0
2024-11-29 14:01:21,23.66,23.69,23.66,100,1732888881307,1368,100.0
2024-11-29 14:01:10,23.66,23.69,23.66,100,1732888870006,1368,100.0
2024-11-29 14:01:00,23.67,23.7,23.67,100,1732888860554,1368,100.0
2024-11-29 13:59:51,23.66,23.69,23.66,100,1732888791075,1368,100.0
2024-11-29 13:59:46,23.67,23.7,23.67,200,1732888786895,1368,200.0
2024-11-29 13:59:35,23.67,23.7,23.7,100,1732888775323,1336,100.0
2024-11-29 13:59:35,23.67,23.7,23.7,100,1732888775333,1336,100.0
2024-11-29 13:57:48,23.68,23.7,23.7,100,1732888668439,1336,100.0
2024-11-29 13:57:37,23.67,23.7,23.7,100,1732888657289,1336,100.0
2024-11-29 13:57:11,23.67,23.7,23.67,100,1732888631472,1368,100.0
2024-11-29 13:57:01,23.67,23.7,23.67,100,1732888621919,1368,100.0
2024-11-29 13:56:31,23.67,23.7,23.7,100,1732888591295,1336,100.0
2024-11-29 13:56:04,23.67,23.7,23.67,100,1732888564970,1368,100.0
2024-11-29 13:55:36,23.67,23.7,23.7,100,1732888536422,1336,100.0
2024-11-29 13:55:09,23.66,23.68,23.68,300,1732888509890,1336,300.0
2024-11-29 13:54:01,23.66,23.68,23.66,100,1732888441612,1368,100.0
2024-11-29 13:54:01,23.66,23.68,23.66,100,1732888441602,1368,100.0
2024-11-29 13:53:31,23.66,23.68,23.66,100,1732888411460,1368,100.0
2024-11-29 13:53:31,23.66,23.68,23.66,400,1732888411460,1368,400.0
2024-11-29 13:53:24,23.66,23.68,23.68,200,1732888404212,1336,200.0
2024-11-29 13:52:34,23.66,23.68,23.66,100,1732888354769,1368,100.0
2024-11-29 13:51:32,23.67,23.69,23.67,100,1732888292281,1368,100.0
2024-11-29 13:51:01,23.67,23.7,23.67,100,1732888261544,1368,100.0
2024-11-29 13:50:58,23.67,23.7,23.7,100,1732888258730,1336,100.0
2024-11-29 13:50:57,23.67,23.7,23.7,200,1732888257898,1336,200.0
2024-11-29 13:50:18,23.67,23.69,23.69,2000,1732888218062,1336,2000.0
2024-11-29 13:50:18,23.67,23.69,23.69,100,1732888218729,1336,100.0
2024-11-29 13:49:37,23.67,23.7,23.7,100,1732888177019,1336,100.0
2024-11-29 13:49:32,23.67,23.7,23.67,200,1732888172619,1368,200.0
2024-11-29 13:49:16,23.67,23.69,23.69,100,1732888156896,1336,100.0
2024-11-29 13:49:16,23.67,23.69,23.69,100,1732888156729,1336,100.0
2024-11-29 13:47:48,23.67,23.69,23.67,100,1732888068424,1368,100.0
2024-11-29 13:47:31,23.67,23.69,23.69,100,1732888051474,1336,100.0
2024-11-29 13:47:30,23.67,23.69,23.69,100,1732888050401,1336,100.0
2024-11-29 13:46:35,23.66,23.69,23.69,100,1732887995730,1336,100.0
2024-11-29 13:46:30,23.66,23.69,23.67,100,1732887990292,1400,100.0
2024-11-29 13:46:14,23.66,23.69,23.69,100,1732887974750,1336,100.0
2024-11-29 13:45:53,23.66,23.69,23.69,100,1732887953858,1336,100.0
2024-11-29 13:45:01,23.66,23.69,23.66,100,1732887901326,1368,100.0
2024-11-29 13:44:56,23.66,23.68,23.68,100,1732887896133,1336,100.0
2024-11-29 13:44:50,23.66,23.68,23.68,200,1732887890903,1336,200.0
2024-11-29 13:43:19,23.66,23.69,23.69,100,1732887799345,1336,100.0
2024-11-29 13:43:11,23.66,23.69,23.66,100,1732887791476,1368,100.0
2024-11-29 13:42:36,23.66,23.68,23.66,200,1732887756475,1368,200.0
2024-11-29 13:42:36,23.66,23.68,23.68,100,1732887756665,1336,100.0
2024-11-29 13:42:06,23.66,23.69,23.66,100,1732887726370,1368,100.0
2024-11-29 13:41:40,23.67,23.69,23.67,100,1732887700816,1368,100.0
2024-11-29 13:41:34,23.67,23.69,23.69,100,1732887694293,1336,100.0
2024-11-29 13:41:31,23.67,23.69,23.67,100,1732887691768,1368,100.0
2024-11-29 13:41:06,23.67,23.69,23.69,100,1732887666251,1336,100.0
2024-11-29 13:41:02,23.67,23.69,23.69,100,1732887662375,1336,100.0
2024-11-29 13:40:47,23.67,23.69,23.69,100,1732887647053,1336,100.0
2024-11-29 13:40:31,23.66,23.69,23.69,100,1732887631027,1336,100.0
2024-11-29 13:40:22,23.66,23.69,23.69,100,1732887622729,1336,100.0
2024-11-29 13:40:14,23.66,23.68,23.68,300,1732887614916,1336,300.0
2024-11-29 13:39:02,23.65,23.68,23.65,100,1732887542320,1368,100.0
2024-11-29 13:38:56,23.65,23.68,23.68,100,1732887536203,1336,100.0
2024-11-29 13:38:40,23.64,23.68,23.64,100,1732887520165,1368,100.0
2024-11-29 13:38:26,23.65,23.68,23.68,100,1732887506730,1336,100.0
2024-11-29 13:37:00,23.65,23.68,23.68,100,1732887420111,1336,100.0
2024-11-29 13:36:33,23.65,23.68,23.65,100,1732887393604,1368,100.0
2024-11-29 13:36:04,23.65,23.68,23.65,100,1732887364202,1368,100.0
2024-11-29 13:35:51,23.65,23.68,23.68,100,1732887351730,1336,100.0
2024-11-29 13:35:16,23.65,23.68,23.68,100,1732887316132,1336,100.0
2024-11-29 13:34:38,23.65,23.68,23.68,100,1732887278729,1336,100.0
2024-11-29 13:34:38,23.63,23.66,23.68,200,1732887278171,1336,200.0
2024-11-29 13:34:38,23.63,23.66,23.68,900,1732887278171,1336,900.0
2024-11-29 13:34:38,23.63,23.66,23.67,300,1732887278171,1336,300.0
2024-11-29 13:34:38,23.63,23.66,23.66,100,1732887278171,1336,100.0
2024-11-29 13:33:24,23.63,23.65,23.65,100,1732887204451,1336,100.0
2024-11-29 13:33:18,23.61,23.63,23.63,800,1732887198207,1336,800.0
2024-11-29 13:33:08,23.63,23.65,23.63,100,1732887188214,1368,100.0
2024-11-29 13:33:08,23.63,23.65,23.63,100,1732887188214,1368,100.0
2024-11-29 13:33:00,23.63,23.65,23.63,100,1732887180215,1368,100.0
2024-11-29 13:32:11,23.61,23.63,23.63,200,1732887131892,1336,200.0
2024-11-29 13:31:33,23.6,23.63,23.63,100,1732887093179,1336,100.0
2024-11-29 13:31:33,23.6,23.63,23.6,100,1732887093171,1368,100.0
2024-11-29 13:30:55,23.61,23.63,23.61,200,1732887055379,1368,200.0
2024-11-29 13:30:49,23.6,23.61,23.61,500,1732887049508,1336,500.0
2024-11-29 13:30:09,23.59,23.61,23.61,300,1732887009826,1336,300.0
2024-11-29 13:30:00,23.6,23.61,23.59,100,1732887000194,1368,100.0
2024-11-29 13:29:53,23.6,23.61,23.61,100,1732886993335,1336,100.0
2024-11-29 13:29:23,23.59,23.62,23.59,100,1732886963385,1368,100.0
2024-11-29 13:29:19,23.6,23.62,23.59,100,1732886959697,1368,100.0
2024-11-29 13:29:19,23.6,23.62,23.6,200,1732886959697,1368,200.0
2024-11-29 13:27:03,23.61,23.63,23.61,100,1732886823668,1368,100.0
2024-11-29 13:27:03,23.61,23.63,23.61,100,1732886823652,1368,100.0
2024-11-29 13:26:39,23.61,23.64,23.61,100,1732886799440,1368,100.0
2024-11-29 13:26:18,23.64,23.66,23.64,200,1732886778528,1368,200.0
2024-11-29 13:25:15,23.62,23.64,23.64,100,1732886715126,1336,100.0
2024-11-29 13:25:09,23.62,23.64,23.64,100,1732886709551,1336,100.0
2024-11-29 13:24:45,23.61,23.64,23.64,100,1732886685781,1336,100.0
2024-11-29 13:24:22,23.61,23.63,23.61,100,1732886662245,1368,100.0
2024-11-29 13:23:58,23.61,23.63,23.63,100,1732886638348,1336,100.0
2024-11-29 13:23:36,23.62,23.63,23.62,200,1732886616135,1368,200.0
2024-11-29 13:23:15,23.6,23.63,23.63,100,1732886595850,1336,100.0
2024-11-29 13:23:14,23.6,23.62,23.62,100,1732886594390,1336,100.0
2024-11-29 13:22:02,23.6,23.63,23.6,100,1732886522720,1368,100.0
2024-11-29 13:21:00,23.6,23.63,23.6,100,1732886460039,1368,100.0
2024-11-29 13:20:30,23.59,23.62,23.63,100,1732886430384,1336,100.0
2024-11-29 13:20:02,23.6,23.63,23.63,100,1732886402319,1336,100.0
2024-11-29 13:20:02,23.6,23.63,23.63,100,1732886402324,1336,100.0
2024-11-29 13:20:01,23.59,23.63,23.63,100,1732886401007,1336,100.0
2024-11-29 13:19:33,23.6,23.63,23.63,100,1732886373471,1336,100.0
2024-11-29 13:19:24,23.59,23.61,23.61,100,1732886364291,1336,100.0
2024-11-29 13:19:24,23.59,23.61,23.61,100,1732886364107,1336,100.0
2024-11-29 13:19:19,23.59,23.61,23.59,100,1732886359361,1368,100.0
2024-11-29 13:18:57,23.59,23.61,23.61,200,1732886337169,1336,200.0
2024-11-29 13:18:01,23.6,23.63,23.59,100,1732886281187,1368,100.0
2024-11-29 13:18:01,23.6,23.63,23.6,100,1732886281182,1368,100.0
2024-11-29 13:17:54,23.6,23.63,23.6,200,1732886274047,1368,200.0
2024-11-29 13:17:51,23.6,23.63,23.63,100,1732886271917,1336,100.0
2024-11-29 13:17:28,23.61,23.63,23.61,100,1732886248289,1368,100.0
2024-11-29 13:17:05,23.61,23.64,23.64,300,1732886225421,1336,300.0
2024-11-29 13:17:01,23.61,23.63,23.63,100,1732886221925,1336,100.0
2024-11-29 13:17:00,23.61,23.63,23.61,100,1732886220429,1368,100.0
2024-11-29 13:17:00,23.61,23.63,23.63,100,1732886220366,1336,100.0
2024-11-29 13:16:46,23.61,23.63,23.63,100,1732886206772,1336,100.0
2024-11-29 13:15:30,23.61,23.63,23.63,100,1732886130115,1336,100.0
2024-11-29 13:15:10,23.61,23.63,23.63,100,1732886110256,1336,100.0
2024-11-29 13:15:02,23.61,23.64,23.61,100,1732886102850,1368,100.0
2024-11-29 13:14:23,23.63,23.64,23.63,100,1732886063600,1368,100.0
2024-11-29 13:13:02,23.61,23.63,23.63,200,1732885982006,1336,200.0
2024-11-29 13:12:58,23.61,23.63,23.63,100,1732885978529,1336,100.0
2024-11-29 13:12:56,23.61,23.63,23.63,100,1732885976479,1336,100.0
2024-11-29 13:12:45,23.62,23.63,23.62,100,1732885965113,1368,100.0
2024-11-29 13:12:39,23.61,23.62,23.62,100,1732885959130,1336,100.0
2024-11-29 13:12:36,23.61,23.62,23.62,100,1732885956103,1336,100.0
2024-11-29 13:12:00,23.62,23.64,23.62,100,1732885920324,1368,100.0
2024-11-29 13:10:11,23.63,23.64,23.63,100,1732885811756,1368,100.0
2024-11-29 13:09:15,23.63,23.64,23.64,300,1732885755213,1336,300.0
2024-11-29 13:09:08,23.61,23.64,23.64,100,1732885748153,1336,100.0
2024-11-29 13:09:00,23.63,23.64,23.62,100,1732885740685,1368,100.0
2024-11-29 13:09:00,23.63,23.64,23.63,100,1732885740674,1368,100.0
2024-11-29 13:07:07,23.63,23.67,23.63,100,1732885627082,1368,100.0
2024-11-29 13:06:20,23.63,23.67,23.66,100,1732885580656,1400,100.0
2024-11-29 13:06:07,23.63,23.67,23.63,100,1732885567658,1368,100.0
2024-11-29 13:04:36,23.64,23.67,23.64,100,1732885476130,1368,100.0
2024-11-29 13:03:13,23.63,23.67,23.64,100,1732885393083,1400,100.0
2024-11-29 13:03:00,23.63,23.67,23.64,100,1732885380445,1400,100.0
2024-11-29 13:02:01,23.64,23.66,23.64,100,1732885321980,1368,100.0
2024-11-29 13:01:31,23.63,23.66,23.66,100,1732885291184,1336,100.0
2024-11-29 13:00:50,23.62,23.65,23.65,100,1732885250689,1336,100.0
2024-11-29 13:00:48,23.62,23.64,23.64,100,1732885248673,1336,100.0
2024-11-29 13:00:18,23.62,23.65,23.62,100,1732885218401,1368,100.0
2024-11-29 13:00:00,23.62,23.65,23.62,100,1732885200703,1368,100.0
2024-11-29 13:00:00,23.62,23.65,23.62,100,1732885200683,1368,100.0
2024-11-29 12:58:43,23.62,23.65,23.62,100,1732885123265,1368,100.0
2024-11-29 12:57:29,23.61,23.62,23.63,100,1732885049544,1336,100.0
2024-11-29 12:57:29,23.61,23.62,23.62,300,1732885049543,1336,300.0
2024-11-29 12:55:10,23.58,23.6,23.6,400,1732884910491,1336,400.0
2024-11-29 12:55:04,23.57,23.59,23.59,400,1732884904293,1336,400.0
2024-11-29 12:55:04,23.57,23.59,23.6,100,1732884904293,1336,100.0
2024-11-29 12:54:52,23.58,23.59,23.58,100,1732884892720,1368,100.0
2024-11-29 12:54:46,23.56,23.58,23.58,200,1732884886905,1336,200.0
2024-11-29 12:54:46,23.56,23.58,23.56,100,1732884886895,1368,100.0
2024-11-29 12:54:01,23.56,23.58,23.56,100,1732884841423,1368,100.0
2024-11-29 12:52:32,23.56,23.58,23.56,100,1732884752798,1368,100.0
2024-11-29 12:51:55,23.55,23.58,23.58,100,1732884715469,1336,100.0
2024-11-29 12:51:00,23.56,23.58,23.56,100,1732884660369,1368,100.0
2024-11-29 12:51:00,23.56,23.58,23.55,100,1732884660391,1368,100.0
2024-11-29 12:50:15,23.55,23.58,23.55,100,1732884615472,1368,100.0
2024-11-29 12:48:03,23.54,23.57,23.54,100,1732884483303,1368,100.0
2024-11-29 12:47:31,23.55,23.57,23.55,100,1732884451297,1368,100.0
2024-11-29 12:47:14,23.57,23.59,23.57,100,1732884434729,1368,100.0
2024-11-29 12:47:07,23.55,23.56,23.57,100,1732884427391,1336,100.0
2024-11-29 12:47:07,23.55,23.56,23.56,600,1732884427363,1336,600.0
2024-11-29 12:46:31,23.54,23.57,23.57,100,1732884391890,1336,100.0
2024-11-29 12:46:30,23.55,23.57,23.56,100,1732884390008,1400,100.0
2024-11-29 12:46:29,23.55,23.57,23.55,100,1732884389899,1368,100.0
2024-11-29 12:43:53,23.56,23.57,23.56,100,1732884233933,1368,100.0
2024-11-29 12:43:31,23.55,23.57,23.56,100,1732884211388,1400,100.0
2024-11-29 12:42:32,23.54,23.56,23.54,100,1732884152588,1368,100.0
2024-11-29 12:42:26,23.53,23.56,23.55,100,1732884146175,1400,100.0
2024-11-29 12:42:26,23.53,23.56,23.53,300,1732884146052,1368,300.0
2024-11-29 12:42:08,23.52,23.53,23.53,100,1732884128840,1336,100.0
2024-11-29 12:42:03,23.52,23.53,23.53,100,1732884123370,1336,100.0
2024-11-29 12:42:03,23.52,23.53,23.52,100,1732884123184,1368,100.0
2024-11-29 12:40:31,23.52,23.53,23.52,100,1732884031184,1368,100.0
2024-11-29 12:39:42,23.5,23.52,23.52,100,1732883982575,1336,100.0
2024-11-29 12:39:42,23.5,23.52,23.52,200,1732883982575,1336,200.0
2024-11-29 12:39:02,23.49,23.51,23.49,100,1732883942115,1368,100.0
2024-11-29 12:38:48,23.49,23.52,23.49,100,1732883928825,1368,100.0
2024-11-29 12:37:36,23.48,23.51,23.51,300,1732883856834,1336,300.0
2024-11-29 12:37:36,23.48,23.51,23.52,100,1732883856834,1336,100.0
2024-11-29 12:37:35,23.48,23.51,23.48,1100,1732883855664,1368,1100.0
2024-11-29 12:37:30,23.48,23.51,23.48,100,1732883850505,1368,100.0
2024-11-29 12:36:05,23.48,23.51,23.48,100,1732883765315,1368,100.0
2024-11-29 12:36:00,23.48,23.51,23.48,100,1732883760377,1368,100.0
2024-11-29 12:35:49,23.49,23.51,23.49,200,1732883749916,1368,200.0
2024-11-29 12:35:40,23.49,23.51,23.49,100,1732883740864,1368,100.0
2024-11-29 12:34:57,23.5,23.51,23.5,100,1732883697053,1368,100.0
2024-11-29 12:34:57,23.49,23.51,23.49,100,1732883697679,1368,100.0
2024-11-29 12:34:57,23.5,23.51,23.5,100,1732883697043,1368,100.0
2024-11-29 12:32:59,23.48,23.5,23.5,400,1732883579956,1336,400.0
2024-11-29 12:32:39,23.48,23.5,23.48,100,1732883559399,1368,100.0
2024-11-29 12:31:35,23.47,23.5,23.47,200,1732883495191,1368,200.0
2024-11-29 12:31:35,23.47,23.5,23.47,100,1732883495186,1368,100.0
2024-11-29 12:31:24,23.47,23.49,23.47,100,1732883484321,1368,100.0
2024-11-29 12:31:23,23.47,23.5,23.47,100,1732883483798,1368,100.0
2024-11-29 12:30:54,23.47,23.5,23.47,100,1732883454793,1368,100.0
2024-11-29 12:30:40,23.48,23.5,23.48,100,1732883440398,1368,100.0
2024-11-29 12:30:40,23.48,23.5,23.47,100,1732883440520,1368,100.0
2024-11-29 12:30:02,23.47,23.5,23.47,100,1732883402974,1368,100.0
2024-11-29 12:29:29,23.48,23.5,23.48,100,1732883369489,1368,100.0
2024-11-29 12:29:27,23.48,23.5,23.5,100,1732883367758,1336,100.0
2024-11-29 12:28:00,23.48,23.5,23.48,100,1732883280304,1368,100.0
2024-11-29 12:27:53,23.48,23.5,23.48,100,1732883273845,1368,100.0
2024-11-29 12:27:31,23.47,23.5,23.5,100,1732883251933,1336,100.0
2024-11-29 12:27:17,23.48,23.51,23.48,100,1732883237363,1368,100.0
2024-11-29 12:27:17,23.48,23.51,23.48,200,1732883237363,1368,200.0
2024-11-29 12:27:01,23.48,23.51,23.48,100,1732883221907,1368,100.0
2024-11-29 12:26:09,23.49,23.51,23.49,100,1732883169560,1368,100.0
2024-11-29 12:25:41,23.48,23.49,23.49,500,1732883141596,1336,500.0
2024-11-29 12:25:36,23.49,23.51,23.48,100,1732883136697,1368,100.0
2024-11-29 12:25:09,23.49,23.51,23.5,100,1732883109184,1400,100.0
2024-11-29 12:24:48,23.48,23.5,23.5,200,1732883088815,1336,200.0
2024-11-29 12:24:03,23.49,23.51,23.52,100,1732883043359,1336,100.0
2024-11-29 12:24:03,23.49,23.51,23.51,100,1732883043359,1336,100.0
2024-11-29 12:24:02,23.5,23.52,23.5,500,1732883042854,1368,500.0
2024-11-29 12:23:03,23.48,23.52,23.48,100,1732882983201,1368,100.0
2024-11-29 12:22:47,23.49,23.52,23.49,100,1732882967828,1368,100.0
2024-11-29 12:21:41,23.49,23.52,23.52,200,1732882901676,1336,200.0
2024-11-29 12:21:36,23.49,23.52,23.47,500,1732882896296,1368,500.0
2024-11-29 12:21:36,23.49,23.52,23.49,100,1732882896296,1368,100.0
2024-11-29 12:21:36,23.49,23.52,23.48,300,1732882896296,1368,300.0
2024-11-29 12:21:14,23.49,23.52,23.49,300,1732882874842,1368,300.0
2024-11-29 12:20:04,23.49,23.53,23.53,300,1732882804018,1336,300.0
2024-11-29 12:20:00,23.48,23.49,23.5,400,1732882800275,1336,400.0
2024-11-29 12:20:00,23.48,23.49,23.49,400,1732882800273,1336,400.0
2024-11-29 12:19:54,23.47,23.49,23.47,100,1732882794912,1368,100.0
2024-11-29 12:19:54,23.47,23.49,23.47,200,1732882794911,1368,200.0
2024-11-29 12:19:34,23.47,23.49,23.47,100,1732882774052,1368,100.0
2024-11-29 12:19:14,23.47,23.49,23.47,100,1732882754100,1368,100.0
2024-11-29 12:19:14,23.47,23.49,23.47,200,1732882754100,1368,200.0
2024-11-29 12:18:11,23.46,23.49,23.47,200,1732882691556,1400,200.0
2024-11-29 12:18:11,23.47,23.49,23.47,100,1732882691129,1368,100.0
2024-11-29 12:18:00,23.46,23.49,23.49,100,1732882680383,1336,100.0
2024-11-29 12:18:00,23.46,23.5,23.46,100,1732882680191,1368,100.0
2024-11-29 12:18:00,23.46,23.5,23.46,100,1732882680155,1368,100.0
2024-11-29 12:16:55,23.48,23.51,23.48,100,1732882615812,1368,100.0
2024-11-29 12:16:42,23.49,23.51,23.49,100,1732882602312,1368,100.0
2024-11-29 12:16:30,23.5,23.52,23.5,400,1732882590506,1368,400.0
2024-11-29 12:16:07,23.5,23.53,23.5,100,1732882567838,1368,100.0
2024-11-29 12:15:48,23.51,23.54,23.51,100,1732882548239,1368,100.0
2024-11-29 12:15:38,23.51,23.54,23.51,100,1732882538892,1368,100.0
2024-11-29 12:15:37,23.53,23.55,23.53,100,1732882537883,1368,100.0
2024-11-29 12:15:21,23.52,23.55,23.52,200,1732882521281,1368,200.0
2024-11-29 12:15:21,23.52,23.55,23.52,100,1732882521281,1368,100.0
2024-11-29 12:15:14,23.52,23.55,23.55,100,1732882514314,1336,100.0
2024-11-29 12:15:01,23.52,23.55,23.52,100,1732882501108,1368,100.0
2024-11-29 12:13:51,23.55,23.57,23.55,100,1732882431697,1368,100.0
2024-11-29 12:13:05,23.54,23.57,23.54,100,1732882385008,1368,100.0
2024-11-29 12:12:00,23.56,23.59,23.55,100,1732882320025,1368,100.0
2024-11-29 12:11:59,23.58,23.6,23.58,200,1732882319315,1368,200.0
2024-11-29 12:11:02,23.59,23.62,23.61,200,1732882262810,1400,200.0
2024-11-29 12:11:02,23.59,23.62,23.59,100,1732882262265,1368,100.0
2024-11-29 12:11:01,23.59,23.62,23.62,100,1732882261208,1336,100.0
2024-11-29 12:11:00,23.58,23.59,23.6,100,1732882260320,1336,100.0
2024-11-29 12:11:00,23.58,23.59,23.59,200,1732882260243,1336,200.0
2024-11-29 12:09:21,23.58,23.61,23.57,300,1732882161470,1368,300.0
2024-11-29 12:09:20,23.57,23.58,23.61,100,1732882160250,1336,100.0
2024-11-29 12:09:20,23.57,23.58,23.61,100,1732882160249,1336,100.0
2024-11-29 12:09:20,23.57,23.58,23.58,100,1732882160249,1336,100.0
2024-11-29 12:09:20,23.57,23.58,23.62,100,1732882160250,1336,100.0
2024-11-29 12:09:20,23.57,23.58,23.6,100,1732882160249,1336,100.0
2024-11-29 12:09:01,23.57,23.58,23.57,100,1732882141840,1368,100.0
2024-11-29 12:08:50,23.55,23.58,23.58,100,1732882130081,1336,100.0
2024-11-29 12:08:28,23.56,23.59,23.57,100,1732882108780,1400,100.0
2024-11-29 12:08:20,23.57,23.6,23.6,100,1732882100756,1336,100.0
2024-11-29 12:08:12,23.56,23.59,23.61,300,1732882092389,1336,300.0
2024-11-29 12:08:12,23.56,23.59,23.6,200,1732882092389,1336,200.0
2024-11-29 12:08:12,23.56,23.59,23.59,200,1732882092389,1336,200.0
2024-11-29 12:08:11,23.55,23.58,23.58,100,1732882091603,1336,100.0
2024-11-29 12:08:11,23.55,23.58,23.59,100,1732882091603,1336,100.0
2024-11-29 12:08:06,23.57,23.62,23.61,300,1732882086540,1400,300.0
2024-11-29 12:08:06,23.49,23.52,23.61,100,1732882086044,1336,100.0
2024-11-29 12:08:05,23.49,23.52,23.53,200,1732882085842,1336,200.0
2024-11-29 12:08:05,23.49,23.52,23.55,200,1732882085842,1336,200.0
2024-11-29 12:08:05,23.49,23.52,23.54,500,1732882085842,1336,500.0
2024-11-29 12:08:05,23.49,23.52,23.56,100,1732882085842,1336,100.0
2024-11-29 12:08:05,23.49,23.52,23.52,300,1732882085842,1336,300.0
2024-11-29 12:08:05,23.49,23.52,23.52,100,1732882085837,1336,100.0
2024-11-29 12:08:05,23.49,23.52,23.56,100,1732882085842,1336,100.0
2024-11-29 12:08:05,23.49,23.52,23.57,400,1732882085842,1336,400.0
2024-11-29 12:08:05,23.49,23.52,23.59,300,1732882085843,1336,300.0
2024-11-29 12:08:05,23.49,23.52,23.6,100,1732882085843,1336,100.0
2024-11-29 12:08:05,23.49,23.52,23.6,100,1732882085844,1336,100.0
2024-11-29 12:08:05,23.49,23.52,23.53,100,1732882085844,1336,100.0
2024-11-29 12:08:05,23.49,23.52,23.59,200,1732882085890,1336,200.0
2024-11-29 12:08:05,23.49,23.52,23.6,200,1732882085893,1336,200.0
2024-11-29 12:08:05,23.49,23.52,23.58,400,1732882085843,1336,400.0
2024-11-29 12:08:02,23.5,23.52,23.5,100,1732882082921,1368,100.0
2024-11-29 12:07:13,23.5,23.52,23.52,100,1732882033590,1336,100.0
2024-11-29 12:06:34,23.5,23.53,23.5,100,1732881994577,1368,100.0
2024-11-29 12:06:05,23.5,23.54,23.5,100,1732881965547,1368,100.0
2024-11-29 12:00:22,23.51,23.54,23.54,100,1732881622258,1336,100.0
2024-11-29 12:00:03,23.51,23.54,23.51,100,1732881603103,1368,100.0
2024-11-29 11:59:28,23.54,23.56,23.54,100,1732881568011,1368,100.0
2024-11-29 11:59:21,23.53,23.57,23.53,100,1732881561212,1368,100.0
2024-11-29 11:58:58,23.52,23.55,23.54,100,1732881538882,1400,100.0
2024-11-29 11:58:31,23.52,23.53,23.52,100,1732881511671,1368,100.0
2024-11-29 11:58:11,23.53,23.56,23.53,200,1732881491611,1368,200.0
2024-11-29 11:57:59,23.53,23.54,23.53,100,1732881479670,1368,100.0
2024-11-29 11:57:16,23.53,23.55,23.54,100,1732881436112,1400,100.0
2024-11-29 11:57:16,23.54,23.55,23.54,100,1732881436112,1368,100.0
2024-11-29 11:56:59,23.53,23.54,23.54,100,1732881419620,1336,100.0
2024-11-29 11:56:59,23.53,23.54,23.54,100,1732881419620,1336,100.0
2024-11-29 11:56:57,23.52,23.53,23.53,300,1732881417933,1336,300.0
2024-11-29 11:56:57,23.52,23.53,23.53,100,1732881417933,1336,100.0
2024-11-29 11:56:47,23.52,23.53,23.53,300,1732881407330,1336,300.0
2024-11-29 11:56:47,23.52,23.53,23.53,300,1732881407330,1336,300.0
2024-11-29 11:56:37,23.52,23.53,23.53,100,1732881397390,1336,100.0
2024-11-29 11:56:21,23.51,23.53,23.53,100,1732881381266,1400,100.0
2024-11-29 11:56:18,23.52,23.54,23.53,100,1732881378152,1400,100.0
2024-11-29 11:56:08,23.52,23.54,23.51,200,1732881368028,1368,200.0
2024-11-29 11:55:48,23.52,23.54,23.54,100,1732881348985,1336,100.0
2024-11-29 11:55:45,23.52,23.54,23.53,100,1732881345059,1400,100.0
2024-11-29 11:55:36,23.53,23.55,23.53,200,1732881336871,1368,200.0
2024-11-29 11:55:19,23.54,23.57,23.53,100,1732881319915,1368,100.0
2024-11-29 11:55:19,23.54,23.57,23.53,100,1732881319723,1368,100.0
2024-11-29 11:55:18,23.54,23.57,23.57,100,1732881318701,1336,100.0
2024-11-29 11:55:16,23.54,23.57,23.57,100,1732881316740,1336,100.0
2024-11-29 11:55:16,23.54,23.57,23.56,100,1732881316685,1400,100.0
2024-11-29 11:55:16,23.54,23.57,23.55,100,1732881316357,1400,100.0
2024-11-29 11:55:14,23.54,23.57,23.57,100,1732881314683,1336,100.0
2024-11-29 11:55:08,23.51,23.52,23.54,100,1732881308691,1336,100.0
2024-11-29 11:55:08,23.51,23.52,23.52,600,1732881308691,1336,600.0
2024-11-29 11:55:08,23.51,23.52,23.54,1500,1732881308811,1336,1500.0
2024-11-29 11:55:08,23.51,23.52,23.53,100,1732881308700,1336,100.0
2024-11-29 11:55:03,23.51,23.52,23.52,200,1732881303450,1336,200.0
2024-11-29 11:55:03,23.51,23.52,23.52,300,1732881303438,1336,300.0
2024-11-29 11:55:03,23.51,23.52,23.52,200,1732881303434,1336,200.0
2024-11-29 11:55:03,23.51,23.52,23.52,4000,1732881303434,1336,4000.0
2024-11-29 11:55:03,23.51,23.52,23.52,4300,1732881303434,1336,4300.0
2024-11-29 11:54:54,23.49,23.51,23.51,400,1732881294954,1336,400.0
2024-11-29 11:54:54,23.49,23.51,23.51,700,1732881294955,1336,700.0
2024-11-29 11:54:51,23.48,23.5,23.5,2500,1732881291051,1336,2500.0
2024-11-29 11:54:01,23.47,23.5,23.47,100,1732881241285,1368,100.0
2024-11-29 11:53:42,23.47,23.5,23.48,100,1732881222023,1400,100.0
2024-11-29 11:53:33,23.47,23.5,23.47,100,1732881213043,1368,100.0
2024-11-29 11:53:07,23.48,23.5,23.49,200,1732881187447,1400,200.0
2024-11-29 11:53:03,23.47,23.48,23.5,500,1732881183433,1336,500.0
2024-11-29 11:53:03,23.47,23.48,23.49,100,1732881183433,1336,100.0
2024-11-29 11:53:03,23.47,23.48,23.48,200,1732881183433,1336,200.0
2024-11-29 11:52:08,23.46,23.48,23.46,100,1732881128367,1368,100.0
2024-11-29 11:52:07,23.46,23.48,23.47,100,1732881127742,1400,100.0
2024-11-29 11:51:03,23.45,23.48,23.45,100,1732881063350,1368,100.0
2024-11-29 11:51:00,23.46,23.48,23.46,100,1732881060204,1368,100.0
2024-11-29 11:50:55,23.46,23.48,23.48,100,1732881055480,1336,100.0
2024-11-29 11:50:08,23.47,23.5,23.47,100,1732881008837,1368,100.0
2024-11-29 11:48:46,23.47,23.5,23.47,100,1732880926741,1368,100.0
2024-11-29 11:48:43,23.47,23.5,23.47,100,1732880923056,1368,100.0
2024-11-29 11:48:40,23.48,23.5,23.48,100,1732880920326,1368,100.0
2024-11-29 11:48:30,23.48,23.5,23.47,100,1732880910131,1368,100.0
2024-11-29 11:48:00,23.48,23.5,23.48,100,1732880880141,1368,100.0
2024-11-29 11:45:16,23.47,23.5,23.5,100,1732880716841,1336,100.0
2024-11-29 11:45:10,23.47,23.48,23.48,200,1732880710173,1336,200.0
2024-11-29 11:45:02,23.46,23.47,23.47,100,1732880702334,1336,100.0
2024-11-29 11:45:02,23.46,23.47,23.47,100,1732880702334,1336,100.0
2024-11-29 11:45:02,23.46,23.47,23.47,100,1732880702333,1336,100.0
2024-11-29 11:45:02,23.46,23.47,23.47,100,1732880702333,1336,100.0
2024-11-29 11:45:01,23.46,23.47,23.47,100,1732880701998,1336,100.0
2024-11-29 11:43:53,23.46,23.47,23.46,100,1732880633659,1368,100.0
2024-11-29 11:43:34,23.44,23.47,23.44,100,1732880614437,1368,100.0
2024-11-29 11:43:26,23.46,23.48,23.46,100,1732880606305,1368,100.0
2024-11-29 11:43:26,23.46,23.48,23.46,100,1732880606305,1368,100.0
2024-11-29 11:43:26,23.44,23.46,23.46,100,1732880606475,1336,100.0
2024-11-29 11:43:26,23.46,23.48,23.45,200,1732880606305,1368,200.0
2024-11-29 11:42:17,23.46,23.5,23.46,200,1732880537581,1368,200.0
2024-11-29 11:42:11,23.48,23.51,23.48,100,1732880531322,1368,100.0
2024-11-29 11:42:11,23.48,23.51,23.49,200,1732880531314,1400,200.0
2024-11-29 11:42:11,23.48,23.51,23.52,100,1732880531313,1336,100.0
2024-11-29 11:42:11,23.48,23.51,23.51,300,1732880531313,1336,300.0
2024-11-29 11:42:08,23.48,23.51,23.48,200,1732880528898,1368,200.0
2024-11-29 11:42:08,23.48,23.51,23.52,600,1732880528898,1336,600.0
2024-11-29 11:42:08,23.48,23.51,23.51,500,1732880528898,1336,500.0
2024-11-29 11:42:08,23.48,23.51,23.51,300,1732880528898,1336,300.0
2024-11-29 11:42:07,23.5,23.53,23.49,300,1732880527441,1368,300.0
2024-11-29 11:41:54,23.51,23.52,23.52,100,1732880514998,1336,100.0
2024-11-29 11:41:54,23.51,23.52,23.54,200,1732880514994,1336,200.0
2024-11-29 11:41:54,23.51,23.52,23.52,200,1732880514994,1336,200.0
2024-11-29 11:41:53,23.51,23.52,23.52,100,1732880513559,1336,100.0
2024-11-29 11:41:53,23.5,23.52,23.52,400,1732880513106,1336,400.0
2024-11-29 11:41:33,23.47,23.5,23.51,300,1732880493006,1336,300.0
2024-11-29 11:41:33,23.47,23.5,23.5,100,1732880493006,1336,100.0
2024-11-29 11:41:33,23.47,23.5,23.52,100,1732880493006,1336,100.0
2024-11-29 11:41:33,23.47,23.5,23.5,200,1732880493006,1336,200.0
2024-11-29 11:40:52,23.49,23.52,23.5,100,1732880452418,1400,100.0
2024-11-29 11:40:51,23.49,23.52,23.52,300,1732880451014,1336,300.0
2024-11-29 11:40:47,23.49,23.51,23.51,100,1732880447755,1336,100.0
2024-11-29 11:40:47,23.49,23.51,23.52,100,1732880447755,1336,100.0
2024-11-29 11:40:46,23.49,23.51,23.51,100,1732880446111,1336,100.0
2024-11-29 11:40:32,23.49,23.51,23.51,200,1732880432827,1336,200.0
2024-11-29 11:40:24,23.48,23.51,23.51,300,1732880424535,1336,300.0
2024-11-29 11:40:21,23.45,23.48,23.5,600,1732880421660,1336,600.0
2024-11-29 11:40:21,23.45,23.48,23.5,200,1732880421338,1336,200.0
2024-11-29 11:40:21,23.45,23.48,23.49,300,1732880421338,1336,300.0
2024-11-29 11:40:21,23.45,23.48,23.48,100,1732880421334,1336,100.0
2024-11-29 11:40:21,23.45,23.48,23.48,100,1732880421333,1336,100.0
2024-11-29 11:39:56,23.47,23.49,23.47,100,1732880396883,1368,100.0
2024-11-29 11:39:11,23.43,23.47,23.49,100,1732880351705,1336,100.0
2024-11-29 11:39:11,23.43,23.47,23.48,300,1732880351704,1336,300.0
2024-11-29 11:39:11,23.43,23.47,23.47,200,1732880351704,1336,200.0
2024-11-29 11:39:08,23.44,23.47,23.44,100,1732880348956,1368,100.0
2024-11-29 11:38:34,23.43,23.46,23.43,100,1732880314328,1368,100.0
2024-11-29 11:38:00,23.46,23.48,23.46,100,1732880280775,1368,100.0
2024-11-29 11:37:54,23.46,23.47,23.46,100,1732880274251,1368,100.0
2024-11-29 11:37:44,23.44,23.47,23.47,100,1732880264461,1336,100.0
2024-11-29 11:37:44,23.44,23.47,23.47,200,1732880264461,1336,200.0
2024-11-29 11:36:00,23.44,23.48,23.44,100,1732880160075,1368,100.0
2024-11-29 11:35:41,23.45,23.48,23.45,100,1732880141586,1368,100.0
2024-11-29 11:34:00,23.46,23.49,23.46,100,1732880040860,1368,100.0
2024-11-29 11:33:14,23.47,23.49,23.5,100,1732879994077,1336,100.0
2024-11-29 11:33:14,23.47,23.49,23.49,100,1732879994077,1336,100.0
2024-11-29 11:33:13,23.46,23.48,23.48,300,1732879993281,1336,300.0
2024-11-29 11:31:27,23.46,23.49,23.45,100,1732879887894,1368,100.0
2024-11-29 11:31:27,23.46,23.49,23.46,300,1732879887894,1368,300.0
2024-11-29 11:31:27,23.46,23.49,23.47,100,1732879887894,1400,100.0
2024-11-29 11:30:08,23.47,23.5,23.5,300,1732879808900,1336,300.0
2024-11-29 11:30:00,23.45,23.48,23.5,200,1732879800995,1336,200.0
2024-11-29 11:30:00,23.45,23.48,23.5,200,1732879800888,1336,200.0
2024-11-29 11:30:00,23.45,23.48,23.49,200,1732879800888,1336,200.0
2024-11-29 11:30:00,23.45,23.48,23.48,100,1732879800888,1336,100.0
2024-11-29 11:30:00,23.45,23.48,23.48,100,1732879800780,1336,100.0
2024-11-29 11:29:59,23.45,23.48,23.48,400,1732879799414,1336,400.0
2024-11-29 11:29:59,23.45,23.48,23.48,100,1732879799415,1336,100.0
2024-11-29 11:29:42,23.46,23.48,23.46,100,1732879782373,1368,100.0
2024-11-29 11:29:36,23.43,23.46,23.47,100,1732879776452,1336,100.0
2024-11-29 11:29:36,23.43,23.46,23.46,200,1732879776311,1336,200.0
2024-11-29 11:29:36,23.43,23.46,23.48,100,1732879776453,1336,100.0
2024-11-29 11:29:36,23.43,23.46,23.46,100,1732879776345,1336,100.0
2024-11-29 11:29:02,23.43,23.46,23.43,100,1732879742158,1368,100.0
2024-11-29 11:28:16,23.44,23.46,23.44,100,1732879696785,1368,100.0
2024-11-29 11:28:00,23.41,23.45,23.45,100,1732879680119,1336,100.0
2024-11-29 11:28:00,23.41,23.45,23.45,100,1732879680119,1336,100.0
2024-11-29 11:28:00,23.41,23.45,23.45,400,1732879680119,1336,400.0
2024-11-29 11:27:09,23.43,23.46,23.43,100,1732879629714,1368,100.0
2024-11-29 11:26:37,23.42,23.46,23.46,100,1732879597139,1336,100.0
2024-11-29 11:26:37,23.42,23.46,23.45,100,1732879597139,1400,100.0
2024-11-29 11:25:38,23.43,23.46,23.43,100,1732879538436,1368,100.0
2024-11-29 11:25:38,23.43,23.46,23.42,100,1732879538436,1368,100.0
2024-11-29 11:25:38,23.43,23.46,23.44,100,1732879538436,1400,100.0
2024-11-29 11:25:18,23.41,23.47,23.42,100,1732879518654,1400,100.0
2024-11-29 11:24:01,23.42,23.46,23.42,100,1732879441064,1368,100.0
2024-11-29 11:24:01,23.42,23.46,23.42,100,1732879441061,1368,100.0
2024-11-29 11:23:26,23.43,23.46,23.43,100,1732879406746,1368,100.0
2024-11-29 11:22:13,23.43,23.47,23.43,100,1732879333259,1368,100.0
2024-11-29 11:21:30,23.45,23.47,23.45,100,1732879290141,1368,100.0
2024-11-29 11:19:31,23.43,23.48,23.47,100,1732879171602,1400,100.0
2024-11-29 11:19:31,23.43,23.48,23.48,300,1732879171602,1336,300.0
2024-11-29 11:19:01,23.44,23.48,23.46,100,1732879141540,1400,100.0
2024-11-29 11:18:55,23.44,23.48,23.44,100,1732879135230,1368,100.0
2024-11-29 11:18:11,23.44,23.48,23.44,100,1732879091228,1368,100.0
2024-11-29 11:18:00,23.45,23.48,23.45,100,1732879080525,1368,100.0
2024-11-29 11:17:21,23.45,23.48,23.46,100,1732879041446,1400,100.0
2024-11-29 11:16:58,23.45,23.48,23.44,200,1732879018654,1368,200.0
2024-11-29 11:16:58,23.45,23.48,23.45,100,1732879018654,1368,100.0
2024-11-29 11:16:57,23.44,23.48,23.48,300,1732879017562,1336,300.0
2024-11-29 11:16:38,23.47,23.49,23.47,100,1732878998897,1368,100.0
2024-11-29 11:16:38,23.47,23.49,23.46,100,1732878998897,1368,100.0
2024-11-29 11:15:00,23.43,23.48,23.42,100,1732878900374,1368,100.0
2024-11-29 11:14:07,23.44,23.49,23.44,100,1732878847610,1368,100.0
2024-11-29 11:14:05,23.45,23.5,23.44,100,1732878845099,1368,100.0
2024-11-29 11:12:00,23.48,23.51,23.48,100,1732878720724,1368,100.0
2024-11-29 11:11:28,23.5,23.53,23.5,100,1732878688270,1368,100.0
2024-11-29 11:11:28,23.5,23.53,23.48,200,1732878688354,1368,200.0
2024-11-29 11:11:28,23.5,23.53,23.49,100,1732878688353,1368,100.0
2024-11-29 11:10:43,23.5,23.53,23.52,100,1732878643844,1400,100.0
2024-11-29 11:10:18,23.47,23.52,23.53,200,1732878618057,1336,200.0
2024-11-29 11:10:18,23.47,23.52,23.52,100,1732878618057,1336,100.0
2024-11-29 11:10:18,23.47,23.52,23.53,200,1732878618057,1336,200.0
2024-11-29 11:10:11,23.48,23.52,23.53,200,1732878611498,1336,200.0
2024-11-29 11:10:11,23.48,23.52,23.54,100,1732878611498,1336,100.0
2024-11-29 11:10:06,23.46,23.51,23.51,200,1732878606234,1336,200.0
2024-11-29 11:10:05,23.44,23.48,23.49,100,1732878605020,1336,100.0
2024-11-29 11:10:05,23.46,23.51,23.51,100,1732878605783,1336,100.0
2024-11-29 11:10:05,23.46,23.51,23.5,100,1732878605632,1400,100.0
2024-11-29 11:10:05,23.46,23.5,23.5,100,1732878605481,1336,100.0
2024-11-29 11:10:05,23.46,23.5,23.5,100,1732878605330,1336,100.0
2024-11-29 11:10:05,23.46,23.5,23.5,100,1732878605178,1336,100.0
2024-11-29 11:10:05,23.44,23.48,23.5,100,1732878605021,1336,100.0
2024-11-29 11:10:05,23.44,23.48,23.49,200,1732878605020,1336,200.0
2024-11-29 11:10:05,23.46,23.51,23.51,100,1732878605934,1336,100.0
2024-11-29 11:10:05,23.44,23.48,23.48,100,1732878605020,1336,100.0
2024-11-29 11:09:35,23.44,23.46,23.46,100,1732878575928,1336,100.0
2024-11-29 11:09:35,23.44,23.46,23.44,100,1732878575813,1368,100.0
2024-11-29 11:09:22,23.42,23.45,23.45,200,1732878562072,1336,200.0
2024-11-29 11:09:13,23.41,23.45,23.45,200,1732878553171,1336,200.0
2024-11-29 11:09:11,23.4,23.44,23.44,100,1732878551726,1336,100.0
2024-11-29 11:09:11,23.4,23.44,23.41,100,1732878551725,1400,100.0
2024-11-29 11:09:11,23.4,23.44,23.43,100,1732878551726,1400,100.0
2024-11-29 11:09:11,23.4,23.44,23.4,900,1732878551725,1368,900.0
2024-11-29 11:08:24,23.41,23.46,23.41,100,1732878504873,1368,100.0
2024-11-29 11:06:14,23.41,23.46,23.46,100,1732878374600,1336,100.0
2024-11-29 11:06:11,23.41,23.46,23.41,100,1732878371905,1368,100.0
2024-11-29 11:06:10,23.42,23.47,23.41,100,1732878370960,1368,100.0
2024-11-29 11:06:07,23.43,23.48,23.43,100,1732878367144,1368,100.0
2024-11-29 11:06:06,23.44,23.48,23.43,200,1732878366133,1368,200.0
2024-11-29 11:06:01,23.45,23.49,23.45,100,1732878361260,1368,100.0
2024-11-29 11:05:26,23.43,23.48,23.48,100,1732878326667,1336,100.0
2024-11-29 11:05:24,23.45,23.5,23.45,100,1732878324656,1368,100.0
2024-11-29 11:05:10,23.46,23.5,23.49,100,1732878310633,1400,100.0
2024-11-29 11:04:45,23.45,23.49,23.49,100,1732878285667,1336,100.0
2024-11-29 11:04:44,23.45,23.49,23.45,100,1732878284611,1368,100.0
2024-11-29 11:04:31,23.45,23.49,23.45,100,1732878271707,1368,100.0
2024-11-29 11:04:02,23.45,23.48,23.48,100,1732878242134,1336,100.0
2024-11-29 11:03:01,23.44,23.48,23.44,100,1732878181048,1368,100.0
2024-11-29 11:03:00,23.44,23.49,23.44,100,1732878180578,1368,100.0
2024-11-29 11:02:55,23.46,23.5,23.45,100,1732878175805,1368,100.0
2024-11-29 11:02:30,23.46,23.5,23.45,100,1732878150057,1368,100.0
2024-11-29 11:02:23,23.45,23.48,23.5,100,1732878143259,1336,100.0
2024-11-29 11:02:23,23.45,23.48,23.48,100,1732878143259,1336,100.0
2024-11-29 11:02:23,23.45,23.48,23.49,100,1732878143259,1336,100.0
2024-11-29 11:02:12,23.45,23.48,23.45,100,1732878132351,1368,100.0
2024-11-29 11:01:32,23.43,23.48,23.48,200,1732878092895,1336,200.0
2024-11-29 11:00:10,23.42,23.47,23.47,300,1732878010011,1336,300.0
2024-11-29 11:00:05,23.4,23.44,23.45,200,1732878005014,1336,200.0
2024-11-29 11:00:05,23.4,23.44,23.45,200,1732878005014,1336,200.0
2024-11-29 11:00:05,23.4,23.44,23.44,200,1732878005014,1336,200.0
2024-11-29 11:00:00,23.41,23.45,23.41,100,1732878000156,1368,100.0
2024-11-29 10:59:31,23.41,23.45,23.4,100,1732877971324,1368,100.0
2024-11-29 10:57:21,23.4,23.43,23.4,100,1732877841792,1368,100.0
2024-11-29 10:57:20,23.4,23.43,23.4,200,1732877840526,1368,200.0
2024-11-29 10:55:21,23.38,23.42,23.38,200,1732877721797,1368,200.0
2024-11-29 10:55:17,23.39,23.43,23.39,100,1732877717144,1368,100.0
2024-11-29 10:54:42,23.4,23.43,23.4,100,1732877682535,1368,100.0
2024-11-29 10:54:04,23.4,23.44,23.4,100,1732877644524,1368,100.0
2024-11-29 10:54:04,23.4,23.44,23.45,200,1732877644508,1336,200.0
2024-11-29 10:54:04,23.4,23.44,23.44,100,1732877644508,1336,100.0
2024-11-29 10:53:47,23.39,23.4,23.4,100,1732877627353,1336,100.0
2024-11-29 10:53:46,23.36,23.39,23.39,100,1732877626444,1336,100.0
2024-11-29 10:52:50,23.35,23.39,23.35,100,1732877570037,1368,100.0
2024-11-29 10:52:23,23.35,23.39,23.35,100,1732877543831,1368,100.0
2024-11-29 10:51:07,23.36,23.4,23.39,100,1732877467742,1400,100.0
2024-11-29 10:51:03,23.37,23.4,23.36,100,1732877463471,1368,100.0
2024-11-29 10:49:57,23.35,23.39,23.39,500,1732877397219,1336,500.0
2024-11-29 10:49:35,23.35,23.39,23.35,100,1732877375059,1368,100.0
2024-11-29 10:49:26,23.35,23.39,23.35,100,1732877366605,1368,100.0
2024-11-29 10:48:14,23.36,23.39,23.35,100,1732877294967,1368,100.0
2024-11-29 10:48:14,23.36,23.39,23.36,100,1732877294967,1368,100.0
2024-11-29 10:48:09,23.36,23.39,23.36,100,1732877289271,1368,100.0
2024-11-29 10:48:08,23.36,23.39,23.36,200,1732877288258,1368,200.0
2024-11-29 10:48:07,23.36,23.39,23.36,100,1732877287522,1368,100.0
2024-11-29 10:48:04,23.36,23.4,23.36,100,1732877284235,1368,100.0
2024-11-29 10:47:59,23.37,23.41,23.37,200,1732877279086,1368,200.0
2024-11-29 10:47:50,23.37,23.41,23.37,100,1732877270440,1368,100.0
2024-11-29 10:46:25,23.37,23.41,23.37,100,1732877185740,1368,100.0
2024-11-29 10:45:55,23.36,23.4,23.36,200,1732877155534,1368,200.0
2024-11-29 10:45:53,23.36,23.4,23.36,100,1732877153880,1368,100.0
2024-11-29 10:45:41,23.36,23.4,23.36,100,1732877141705,1368,100.0
2024-11-29 10:45:39,23.36,23.4,23.36,100,1732877139998,1368,100.0
2024-11-29 10:45:38,23.36,23.39,23.36,200,1732877138433,1368,200.0
2024-11-29 10:45:37,23.36,23.4,23.36,200,1732877137738,1368,200.0
2024-11-29 10:45:33,23.36,23.41,23.36,200,1732877133963,1368,200.0
2024-11-29 10:45:31,23.37,23.41,23.37,100,1732877131965,1368,100.0
2024-11-29 10:45:30,23.37,23.4,23.4,100,1732877130000,1336,100.0
2024-11-29 10:45:30,23.37,23.41,23.37,200,1732877130941,1368,200.0
2024-11-29 10:45:26,23.37,23.4,23.4,100,1732877126803,1336,100.0
2024-11-29 10:45:24,23.37,23.4,23.37,900,1732877124562,1368,900.0
2024-11-29 10:45:24,23.37,23.4,23.38,100,1732877124562,1400,100.0
2024-11-29 10:45:20,23.37,23.4,23.37,100,1732877120606,1368,100.0
2024-11-29 10:45:14,23.37,23.4,23.38,200,1732877114195,1400,200.0
2024-11-29 10:45:13,23.38,23.42,23.36,200,1732877113443,1368,200.0
2024-11-29 10:45:13,23.38,23.42,23.37,200,1732877113418,1368,200.0
2024-11-29 10:45:07,23.38,23.43,23.38,200,1732877107377,1368,200.0
2024-11-29 10:44:53,23.37,23.41,23.41,100,1732877093244,1336,100.0
2024-11-29 10:44:52,23.37,23.41,23.41,100,1732877092636,1336,100.0
2024-11-29 10:44:50,23.37,23.42,23.37,100,1732877090107,1368,100.0
2024-11-29 10:44:49,23.38,23.42,23.38,100,1732877089210,1368,100.0
2024-11-29 10:44:41,23.36,23.41,23.41,100,1732877081209,1336,100.0
2024-11-29 10:44:41,23.36,23.41,23.41,100,1732877081101,1336,100.0
2024-11-29 10:43:07,23.36,23.38,23.36,200,1732876987994,1368,200.0
2024-11-29 10:42:32,23.36,23.4,23.37,100,1732876952054,1400,100.0
2024-11-29 10:42:31,23.38,23.4,23.38,100,1732876951548,1368,100.0
2024-11-29 10:42:11,23.4,23.43,23.4,200,1732876931858,1368,200.0
2024-11-29 10:42:11,23.4,23.43,23.39,100,1732876931934,1368,100.0
2024-11-29 10:41:30,23.4,23.43,23.4,400,1732876890000,1368,400.0
2024-11-29 10:40:16,23.4,23.43,23.4,100,1732876816325,1368,100.0
2024-11-29 10:39:23,23.43,23.46,23.43,100,1732876763376,1368,100.0
2024-11-29 10:38:40,23.43,23.48,23.43,100,1732876720312,1368,100.0
2024-11-29 10:38:24,23.43,23.48,23.43,100,1732876704346,1368,100.0
2024-11-29 10:38:24,23.43,23.48,23.44,100,1732876704346,1400,100.0
2024-11-29 10:38:19,23.42,23.48,23.48,100,1732876699555,1336,100.0
2024-11-29 10:38:06,23.41,23.46,23.46,100,1732876686638,1336,100.0
2024-11-29 10:37:57,23.41,23.46,23.41,100,1732876677609,1368,100.0
2024-11-29 10:37:57,23.41,23.46,23.41,100,1732876677640,1368,100.0
2024-11-29 10:37:00,23.41,23.46,23.41,100,1732876620185,1368,100.0
2024-11-29 10:36:22,23.42,23.47,23.42,100,1732876582079,1368,100.0
2024-11-29 10:36:09,23.39,23.44,23.44,100,1732876569559,1336,100.0
2024-11-29 10:36:09,23.39,23.44,23.46,300,1732876569559,1336,300.0
2024-11-29 10:36:09,23.39,23.44,23.45,400,1732876569559,1336,400.0
2024-11-29 10:36:09,23.39,23.44,23.44,200,1732876569559,1336,200.0
2024-11-29 10:36:09,23.39,23.44,23.43,100,1732876569559,1400,100.0
2024-11-29 10:35:52,23.38,23.43,23.38,100,1732876552332,1368,100.0
2024-11-29 10:35:52,23.38,23.43,23.37,100,1732876552332,1368,100.0
2024-11-29 10:35:38,23.38,23.43,23.38,200,1732876538954,1368,200.0
2024-11-29 10:35:19,23.38,23.43,23.38,100,1732876519860,1368,100.0
2024-11-29 10:35:19,23.38,23.43,23.43,100,1732876519891,1336,100.0
2024-11-29 10:34:12,23.38,23.43,23.38,200,1732876452951,1368,200.0
2024-11-29 10:32:59,23.39,23.43,23.39,100,1732876379415,1368,100.0
2024-11-29 10:32:40,23.37,23.4,23.4,100,1732876360010,1336,100.0
2024-11-29 10:31:51,23.36,23.42,23.42,100,1732876311042,1336,100.0
2024-11-29 10:31:45,23.36,23.41,23.36,100,1732876305348,1368,100.0
2024-11-29 10:31:30,23.37,23.42,23.38,200,1732876290080,1400,200.0
2024-11-29 10:31:16,23.37,23.42,23.38,100,1732876276906,1400,100.0
2024-11-29 10:31:02,23.38,23.43,23.43,100,1732876262086,1336,100.0
2024-11-29 10:30:05,23.37,23.43,23.43,100,1732876205385,1336,100.0
2024-11-29 10:29:31,23.36,23.41,23.41,100,1732876171530,1336,100.0
2024-11-29 10:29:15,23.37,23.42,23.37,100,1732876155456,1368,100.0
2024-11-29 10:29:14,23.37,23.43,23.37,100,1732876154451,1368,100.0
2024-11-29 10:29:14,23.37,23.43,23.41,100,1732876154868,1400,100.0
2024-11-29 10:29:14,23.37,23.43,23.4,100,1732876154868,1400,100.0
2024-11-29 10:29:14,23.37,23.43,23.36,100,1732876154762,1368,100.0
2024-11-29 10:28:30,23.39,23.44,23.39,100,1732876110044,1368,100.0
2024-11-29 10:28:30,23.39,23.44,23.39,100,1732876110712,1368,100.0
2024-11-29 10:28:00,23.37,23.43,23.37,100,1732876080029,1368,100.0
2024-11-29 10:27:41,23.37,23.42,23.37,100,1732876061685,1368,100.0
2024-11-29 10:27:18,23.36,23.4,23.41,200,1732876038210,1336,200.0
2024-11-29 10:27:18,23.36,23.4,23.4,200,1732876038210,1336,200.0
2024-11-29 10:26:32,23.36,23.4,23.36,500,1732875992089,1368,500.0
2024-11-29 10:26:29,23.36,23.41,23.36,200,1732875989120,1368,200.0
2024-11-29 10:25:54,23.36,23.4,23.4,100,1732875954615,1336,100.0
2024-11-29 10:25:54,23.36,23.4,23.36,100,1732875954534,1368,100.0
2024-11-29 10:25:31,23.36,23.41,23.36,100,1732875931175,1368,100.0
2024-11-29 10:24:49,23.36,23.41,23.36,100,1732875889721,1368,100.0
2024-11-29 10:23:35,23.36,23.42,23.36,100,1732875815895,1368,100.0
2024-11-29 10:22:50,23.36,23.42,23.35,300,1732875770143,1368,300.0
2024-11-29 10:22:50,23.36,23.42,23.36,100,1732875770143,1368,100.0
2024-11-29 10:22:50,23.36,23.42,23.37,100,1732875770143,1400,100.0
2024-11-29 10:22:46,23.36,23.42,23.36,200,1732875766975,1368,200.0
2024-11-29 10:22:46,23.36,23.42,23.37,100,1732875766975,1400,100.0
2024-11-29 10:22:44,23.37,23.42,23.37,100,1732875764568,1368,100.0
2024-11-29 10:22:44,23.37,23.42,23.38,100,1732875764568,1400,100.0
2024-11-29 10:22:44,23.37,23.42,23.36,200,1732875764568,1368,200.0
2024-11-29 10:22:32,23.36,23.42,23.37,200,1732875752489,1400,200.0
2024-11-29 10:22:27,23.36,23.42,23.36,300,1732875747369,1368,300.0
2024-11-29 10:22:27,23.36,23.42,23.35,200,1732875747369,1368,200.0
2024-11-29 10:22:01,23.37,23.44,23.37,100,1732875721026,1368,100.0
2024-11-29 10:21:05,23.34,23.39,23.34,100,1732875665969,1368,100.0
2024-11-29 10:20:30,23.35,23.4,23.35,100,1732875630060,1368,100.0
2024-11-29 10:19:30,23.34,23.4,23.4,200,1732875570113,1336,200.0
2024-11-29 10:19:30,23.34,23.4,23.34,100,1732875570048,1368,100.0
2024-11-29 10:19:30,23.34,23.4,23.34,100,1732875570027,1368,100.0
2024-11-29 10:19:05,23.33,23.39,23.39,400,1732875545772,1336,400.0
2024-11-29 10:19:03,23.33,23.39,23.33,100,1732875543074,1368,100.0
2024-11-29 10:19:02,23.33,23.39,23.33,100,1732875542086,1368,100.0
2024-11-29 10:19:01,23.34,23.4,23.34,200,1732875541092,1368,200.0
2024-11-29 10:19:00,23.34,23.4,23.34,100,1732875540036,1368,100.0
2024-11-29 10:18:30,23.32,23.39,23.32,100,1732875510200,1368,100.0
2024-11-29 10:18:24,23.33,23.39,23.33,100,1732875504114,1368,100.0
2024-11-29 10:18:24,23.33,23.39,23.33,100,1732875504114,1368,100.0
2024-11-29 10:18:14,23.33,23.39,23.34,1000,1732875494985,1400,1000.0
2024-11-29 10:18:10,23.33,23.39,23.32,100,1732875490519,1368,100.0
2024-11-29 10:18:08,23.35,23.4,23.35,100,1732875488474,1368,100.0
2024-11-29 10:18:08,23.35,23.4,23.34,100,1732875488474,1368,100.0
2024-11-29 10:18:05,23.34,23.4,23.36,100,1732875485693,1400,100.0
2024-11-29 10:18:03,23.33,23.39,23.33,100,1732875483138,1368,100.0
2024-11-29 10:18:03,23.33,23.39,23.32,100,1732875483138,1368,100.0
2024-11-29 10:18:02,23.33,23.39,23.34,100,1732875482611,1400,100.0
2024-11-29 10:18:02,23.33,23.39,23.34,100,1732875482599,1400,100.0
2024-11-29 10:18:01,23.34,23.4,23.34,300,1732875481106,1368,300.0
2024-11-29 10:18:01,23.34,23.4,23.35,100,1732875481106,1400,100.0
2024-11-29 10:18:00,23.36,23.42,23.35,300,1732875480084,1368,300.0
2024-11-29 10:18:00,23.36,23.42,23.36,300,1732875480047,1368,300.0
2024-11-29 10:17:59,23.36,23.42,23.37,100,1732875479592,1400,100.0
2024-11-29 10:17:57,23.37,23.43,23.37,100,1732875477661,1368,100.0
2024-11-29 10:17:44,23.38,23.44,23.38,100,1732875464476,1368,100.0
2024-11-29 10:17:44,23.41,23.46,23.41,200,1732875464086,1368,200.0
2024-11-29 10:17:38,23.41,23.46,23.41,300,1732875458205,1368,300.0
2024-11-29 10:17:38,23.41,23.46,23.42,100,1732875458205,1400,100.0
2024-11-29 10:17:35,23.42,23.48,23.42,100,1732875455795,1368,100.0
2024-11-29 10:17:32,23.42,23.48,23.43,300,1732875452148,1400,300.0
2024-11-29 10:17:32,23.42,23.48,23.44,100,1732875452148,1400,100.0
2024-11-29 10:16:56,23.45,23.5,23.44,200,1732875416682,1368,200.0
2024-11-29 10:16:56,23.45,23.5,23.45,400,1732875416682,1368,400.0
2024-11-29 10:14:59,23.45,23.49,23.45,100,1732875299033,1368,100.0
2024-11-29 10:14:41,23.45,23.49,23.45,100,1732875281956,1368,100.0
2024-11-29 10:14:30,23.45,23.51,23.45,100,1732875270825,1368,100.0
2024-11-29 10:14:18,23.45,23.5,23.45,100,1732875258306,1368,100.0
2024-11-29 10:14:17,23.45,23.51,23.45,100,1732875257490,1368,100.0
2024-11-29 10:12:05,23.44,23.49,23.44,100,1732875125376,1368,100.0
2024-11-29 10:11:33,23.44,23.5,23.49,100,1732875093023,1400,100.0
2024-11-29 10:11:33,23.44,23.5,23.53,100,1732875093023,1336,100.0
2024-11-29 10:11:33,23.44,23.5,23.52,300,1732875093023,1336,300.0
2024-11-29 10:11:33,23.44,23.5,23.51,200,1732875093023,1336,200.0
2024-11-29 10:11:33,23.44,23.5,23.5,300,1732875093023,1336,300.0
2024-11-29 10:10:33,23.45,23.5,23.44,100,1732875033983,1368,100.0
2024-11-29 10:10:33,23.45,23.5,23.45,100,1732875033983,1368,100.0
2024-11-29 10:10:13,23.46,23.53,23.52,100,1732875013006,1400,100.0
2024-11-29 10:09:16,23.49,23.55,23.5,100,1732874956085,1400,100.0
2024-11-29 10:08:00,23.49,23.52,23.52,700,1732874880309,1336,700.0
2024-11-29 10:07:56,23.52,23.57,23.53,100,1732874876000,1400,100.0
2024-11-29 10:07:56,23.52,23.57,23.52,200,1732874876000,1368,200.0
2024-11-29 10:07:07,23.56,23.62,23.55,100,1732874827026,1368,100.0
2024-11-29 10:07:06,23.56,23.62,23.56,200,1732874826698,1368,200.0
2024-11-29 10:07:03,23.53,23.57,23.57,800,1732874823219,1336,800.0
2024-11-29 10:07:01,23.52,23.57,23.57,100,1732874821423,1336,100.0
2024-11-29 10:06:46,23.51,23.57,23.57,100,1732874806428,1336,100.0
2024-11-29 10:04:08,23.45,23.5,23.52,200,1732874648888,1336,200.0
2024-11-29 10:04:08,23.45,23.5,23.5,100,1732874648888,1336,100.0
2024-11-29 10:01:37,23.45,23.51,23.45,200,1732874497652,1368,200.0
2024-11-29 10:01:37,23.45,23.51,23.45,100,1732874497110,1368,100.0
2024-11-29 10:01:00,23.52,23.49,23.51,100,1732874460319,1336,100.0
2024-11-29 10:01:00,23.46,23.5,23.46,100,1732874460981,1368,100.0
2024-11-29 10:01:00,23.52,23.49,23.5,700,1732874460231,1336,700.0
2024-11-29 10:01:00,23.52,23.49,23.51,100,1732874460182,1336,100.0
2024-11-29 10:01:00,23.52,23.49,23.51,500,1732874460110,1336,500.0
2024-11-28 18:06:00,23.54,23.57,23.52,2000,1732817160045,1368,2000.0
2024-11-28 18:06:00,23.54,23.57,23.52,900,1732817160045,1368,900.0
2024-11-28 18:06:00,23.54,23.57,23.52,3700,1732817160045,1368,3700.0
2024-11-28 17:54:36,23.57,23.6,23.57,100,1732816476230,1368,100.0
2024-11-28 17:53:53,23.58,23.6,23.58,100,1732816433361,1368,100.0
2024-11-28 17:52:48,23.56,23.57,23.57,100,1732816368776,1336,100.0
2024-11-28 17:52:45,23.55,23.56,23.56,100,1732816365700,1336,100.0
2024-11-28 17:52:45,23.55,23.56,23.56,300,1732816365701,1336,300.0
2024-11-28 17:52:17,23.55,23.56,23.55,100,1732816337671,1368,100.0
2024-11-28 17:52:07,23.55,23.56,23.56,100,1732816327839,1336,100.0
2024-11-28 17:51:41,23.55,23.57,23.55,500,1732816301751,1368,500.0
2024-11-28 17:51:41,23.55,23.57,23.55,100,1732816301858,1368,100.0
2024-11-28 17:51:02,23.55,23.57,23.55,800,1732816262026,1368,800.0
2024-11-28 17:50:56,23.55,23.57,23.55,100,1732816256265,1368,100.0
2024-11-28 17:50:19,23.56,23.57,23.57,100,1732816219639,1336,100.0
2024-11-28 17:49:50,23.56,23.57,23.56,100,1732816190833,1368,100.0
2024-11-28 17:49:46,23.56,23.57,23.56,100,1732816186114,1368,100.0
2024-11-28 17:49:01,23.55,23.56,23.55,100,1732816141267,1368,100.0
2024-11-28 17:48:59,23.55,23.56,23.56,100,1732816139082,1336,100.0
2024-11-28 17:48:58,23.55,23.56,23.63,600,1732816138929,1336,600.0
2024-11-28 17:48:58,23.55,23.56,23.56,300,1732816138929,1336,300.0
2024-11-28 17:48:58,23.55,23.56,23.57,100,1732816138929,1336,100.0
2024-11-28 17:48:58,23.55,23.56,23.58,100,1732816138929,1336,100.0
2024-11-28 17:48:58,23.55,23.56,23.59,200,1732816138929,1336,200.0
2024-11-28 17:48:58,23.55,23.56,23.6,500,1732816138929,1336,500.0
2024-11-28 17:48:58,23.55,23.56,23.61,300,1732816138929,1336,300.0
2024-11-28 17:48:58,23.55,23.56,23.62,100,1732816138929,1336,100.0
2024-11-28 17:48:58,23.55,23.56,23.56,1300,1732816138929,1336,1300.0
2024-11-28 17:48:58,23.55,23.56,23.64,600,1732816138929,1336,600.0
2024-11-28 17:48:58,23.55,23.56,23.58,200,1732816138931,1336,200.0
2024-11-28 17:48:58,23.55,23.56,23.57,200,1732816138931,1336,200.0
2024-11-28 17:48:58,23.55,23.56,23.59,200,1732816138932,1336,200.0
2024-11-28 17:48:58,23.55,23.56,23.58,100,1732816138932,1336,100.0
2024-11-28 17:48:58,23.55,23.56,23.56,200,1732816138932,1336,200.0
2024-11-28 17:48:58,23.55,23.56,23.55,700,1732816138932,1368,700.0
2024-11-28 17:48:58,23.55,23.56,23.65,100,1732816138929,1336,100.0
2024-11-28 17:48:07,23.55,23.56,23.56,100,1732816087797,1336,100.0
2024-11-28 17:47:48,23.55,23.56,23.55,100,1732816068463,1368,100.0
2024-11-28 17:47:46,23.55,23.56,23.55,100,1732816066848,1368,100.0
2024-11-28 17:47:03,23.55,23.56,23.55,200,1732816023203,1368,200.0
2024-11-28 17:46:57,23.55,23.56,23.55,100,1732816017472,1368,100.0
2024-11-28 17:46:44,23.55,23.56,23.55,100,1732816004493,1368,100.0
2024-11-28 17:46:28,23.55,23.56,23.55,500,1732815988557,1368,500.0
2024-11-28 17:46:21,23.55,23.56,23.55,100,1732815981402,1400,100.0
2024-11-28 17:46:14,23.55,23.56,23.55,700,1732815974682,1368,700.0
2024-11-28 17:46:03,23.55,23.56,23.55,700,1732815963463,1368,700.0
2024-11-28 17:45:53,23.55,23.56,23.56,100,1732815953077,1336,100.0
2024-11-28 17:45:14,23.55,23.56,23.55,200,1732815914734,1368,200.0
2024-11-28 17:45:05,23.55,23.56,23.55,300,1732815905188,1368,300.0
2024-11-28 17:45:03,23.55,23.56,23.55,100,1732815903682,1368,100.0
2024-11-28 17:45:03,23.55,23.56,23.55,200,1732815903666,1368,200.0
2024-11-28 17:45:03,23.55,23.56,23.55,100,1732815903660,1368,100.0
2024-11-28 17:45:03,23.55,23.56,23.55,100,1732815903645,1368,100.0
2024-11-28 17:44:52,23.55,23.56,23.55,100,1732815892529,1368,100.0
2024-11-28 17:43:15,23.55,23.56,23.55,100,1732815795308,1368,100.0
2024-11-28 17:42:32,23.55,23.56,23.55,100,1732815752211,1368,100.0
2024-11-28 17:42:32,23.55,23.56,23.55,100,1732815752303,1368,100.0
2024-11-28 17:42:32,23.55,23.56,23.55,100,1732815752304,1368,100.0
2024-11-28 17:41:34,23.55,23.56,23.55,100,1732815694094,1368,100.0
2024-11-28 17:40:04,23.55,23.56,23.56,100,1732815604312,1336,100.0
2024-11-28 17:40:00,23.54,23.56,23.55,100,1732815600969,1400,100.0
2024-11-28 17:38:30,23.54,23.56,23.55,100,1732815510191,1368,100.0
2024-11-28 17:38:25,23.55,23.56,23.55,600,1732815505109,1368,600.0
2024-11-28 17:37:37,23.55,23.56,23.55,700,1732815457088,1368,700.0
2024-11-28 17:37:19,23.55,23.56,23.55,100,1732815439489,1368,100.0
2024-11-28 17:37:01,23.55,23.56,23.55,100,1732815421596,1368,100.0
2024-11-28 17:35:31,23.55,23.56,23.55,100,1732815331331,1368,100.0
2024-11-28 17:34:50,23.55,23.56,23.55,600,1732815290686,1368,600.0
2024-11-28 17:34:42,23.54,23.56,23.55,200,1732815282978,1368,200.0
2024-11-28 17:34:40,23.54,23.56,23.55,100,1732815280401,1368,100.0
2024-11-28 17:34:40,23.54,23.56,23.55,100,1732815280224,1368,100.0
2024-11-28 17:34:39,23.54,23.56,23.55,100,1732815279570,1368,100.0
2024-11-28 17:34:38,23.54,23.56,23.55,100,1732815278739,1336,100.0
2024-11-28 17:34:35,23.55,23.57,23.55,1300,1732815275037,1368,1300.0
2024-11-28 17:34:00,23.55,23.58,23.58,100,1732815240118,1336,100.0
2024-11-28 17:33:52,23.55,23.58,23.55,100,1732815232316,1368,100.0
2024-11-28 17:33:43,23.56,23.58,23.56,200,1732815223694,1368,200.0
2024-11-28 17:33:24,23.55,23.58,23.58,200,1732815204658,1336,200.0
2024-11-28 17:33:04,23.55,23.58,23.55,100,1732815184493,1368,100.0
2024-11-28 17:32:21,23.55,23.58,23.55,100,1732815141284,1368,100.0
2024-11-28 17:32:03,23.55,23.58,23.55,100,1732815123473,1368,100.0
2024-11-28 17:31:26,23.55,23.57,23.57,100,1732815086728,1336,100.0
2024-11-28 17:30:53,23.55,23.58,23.55,100,1732815053253,1368,100.0
2024-11-28 17:30:01,23.55,23.58,23.55,100,1732815001732,1368,100.0
2024-11-28 17:29:16,23.56,23.59,23.56,100,1732814956221,1368,100.0
2024-11-28 17:28:38,23.56,23.59,23.56,100,1732814918502,1368,100.0
2024-11-28 17:28:33,23.56,23.59,23.56,100,1732814913664,1368,100.0
2024-11-28 17:28:01,23.56,23.59,23.56,100,1732814881019,1368,100.0
2024-11-28 17:27:45,23.57,23.59,23.56,100,1732814865793,1368,100.0
2024-11-28 17:27:45,23.57,23.59,23.56,100,1732814865780,1368,100.0
2024-11-28 17:26:54,23.57,23.6,23.57,100,1732814814422,1368,100.0
2024-11-28 17:26:30,23.57,23.6,23.6,100,1732814790530,1336,100.0
2024-11-28 17:26:18,23.57,23.6,23.58,100,1732814778244,1368,100.0
2024-11-28 17:26:10,23.57,23.6,23.57,100,1732814770145,1368,100.0
2024-11-28 17:24:57,23.57,23.6,23.6,100,1732814697228,1336,100.0
2024-11-28 17:24:56,23.57,23.6,23.6,100,1732814696938,1336,100.0
2024-11-28 17:24:42,23.57,23.6,23.6,100,1732814682161,1336,100.0
2024-11-28 17:24:41,23.57,23.6,23.6,100,1732814681141,1336,100.0
2024-11-28 17:24:30,23.58,23.61,23.57,100,1732814670560,1368,100.0
2024-11-28 17:23:55,23.58,23.61,23.58,100,1732814635492,1368,100.0
2024-11-28 17:23:02,23.58,23.61,23.58,100,1732814582109,1368,100.0
2024-11-28 17:21:49,23.58,23.61,23.58,100,1732814509083,1368,100.0
2024-11-28 17:21:38,23.58,23.61,23.58,100,1732814498078,1368,100.0
2024-11-28 17:20:46,23.58,23.61,23.58,100,1732814446600,1368,100.0
2024-11-28 17:20:04,23.58,23.61,23.58,100,1732814404034,1368,100.0
2024-11-28 17:18:37,23.58,23.61,23.58,100,1732814317288,1368,100.0
2024-11-28 17:18:26,23.59,23.62,23.59,100,1732814306814,1368,100.0
2024-11-28 17:18:23,23.59,23.61,23.59,100,1732814303492,1368,100.0
2024-11-28 17:18:21,23.59,23.62,23.59,100,1732814301757,1368,100.0
2024-11-28 17:16:45,23.58,23.61,23.58,100,1732814205182,1368,100.0
2024-11-28 17:16:45,23.58,23.61,23.61,100,1732814205160,1336,100.0
2024-11-28 17:16:44,23.58,23.61,23.58,100,1732814204579,1368,100.0
2024-11-28 17:16:13,23.58,23.61,23.58,100,1732814173833,1368,100.0
2024-11-28 17:15:18,23.58,23.61,23.58,100,1732814118937,1368,100.0
2024-11-28 17:14:55,23.58,23.61,23.58,100,1732814095957,1368,100.0
2024-11-28 17:13:49,23.58,23.61,23.58,100,1732814029905,1368,100.0
2024-11-28 17:12:37,23.59,23.62,23.59,100,1732813957090,1368,100.0
2024-11-28 17:12:36,23.59,23.62,23.59,100,1732813956913,1368,100.0
2024-11-28 17:12:03,23.59,23.62,23.59,100,1732813923064,1368,100.0
2024-11-28 17:11:56,23.59,23.62,23.62,100,1732813916906,1336,100.0
2024-11-28 17:11:42,23.59,23.62,23.59,100,1732813902491,1368,100.0
2024-11-28 17:10:38,23.59,23.62,23.59,100,1732813838850,1368,100.0
2024-11-28 17:09:57,23.59,23.62,23.59,100,1732813797493,1368,100.0
2024-11-28 17:09:01,23.59,23.62,23.59,100,1732813741813,1368,100.0
2024-11-28 17:07:30,23.59,23.61,23.59,100,1732813650085,1368,100.0
2024-11-28 17:06:44,23.59,23.62,23.59,100,1732813604285,1368,100.0
2024-11-28 17:06:07,23.6,23.62,23.6,100,1732813567105,1368,100.0
2024-11-28 17:06:05,23.6,23.62,23.6,100,1732813565770,1368,100.0
2024-11-28 17:05:19,23.6,23.62,23.6,100,1732813519709,1368,100.0
2024-11-28 17:05:18,23.6,23.62,23.6,100,1732813518964,1368,100.0
2024-11-28 17:05:04,23.6,23.63,23.6,100,1732813504615,1368,100.0
2024-11-28 17:04:19,23.6,23.62,23.6,100,1732813459738,1368,100.0
2024-11-28 17:02:51,23.6,23.63,23.6,100,1732813371709,1368,100.0
2024-11-28 17:01:51,23.6,23.63,23.6,100,1732813311243,1368,100.0
2024-11-28 17:01:19,23.6,23.63,23.6,100,1732813279969,1368,100.0
2024-11-28 16:59:52,23.6,23.63,23.6,100,1732813192646,1368,100.0
2024-11-28 16:59:00,23.61,23.63,23.63,100,1732813140089,1336,100.0
2024-11-28 16:58:16,23.6,23.63,23.6,100,1732813096605,1368,100.0
2024-11-28 16:56:36,23.6,23.63,23.6,100,1732812996573,1368,100.0
2024-11-28 16:55:04,23.6,23.63,23.6,100,1732812904975,1368,100.0
2024-11-28 16:53:33,23.6,23.63,23.6,100,1732812813521,1368,100.0
2024-11-28 16:52:10,23.6,23.63,23.6,100,1732812730486,1368,100.0
2024-11-28 16:50:32,23.61,23.64,23.61,100,1732812632459,1368,100.0
2024-11-28 16:49:58,23.6,23.61,23.61,100,1732812598152,1336,100.0
2024-11-28 16:48:46,23.6,23.61,23.6,100,1732812526417,1368,100.0
2024-11-28 16:47:58,23.59,23.61,23.6,100,1732812478484,1400,100.0
2024-11-28 16:47:52,23.58,23.6,23.6,300,1732812472497,1336,300.0
2024-11-28 16:47:18,23.59,23.6,23.59,100,1732812438393,1368,100.0
2024-11-28 16:45:47,23.58,23.6,23.59,200,1732812347443,1400,200.0
2024-11-28 16:45:45,23.58,23.61,23.58,100,1732812345989,1368,100.0
2024-11-28 16:45:30,23.58,23.61,23.58,100,1732812330360,1368,100.0
2024-11-28 16:44:46,23.58,23.61,23.58,100,1732812286879,1368,100.0
2024-11-28 16:44:15,23.59,23.62,23.58,100,1732812255474,1368,100.0
2024-11-28 16:42:43,23.58,23.61,23.62,100,1732812163568,1336,100.0
2024-11-28 16:42:42,23.58,23.61,23.59,100,1732812162754,1368,100.0
2024-11-28 16:42:40,23.58,23.61,23.62,100,1732812160504,1336,100.0
2024-11-28 16:42:40,23.58,23.61,23.61,100,1732812160483,1336,100.0
2024-11-28 16:42:39,23.58,23.61,23.61,100,1732812159476,1336,100.0
2024-11-28 16:42:39,23.58,23.61,23.58,100,1732812159455,1368,100.0
2024-11-28 16:42:38,23.58,23.61,23.58,100,1732812158143,1368,100.0
2024-11-28 16:42:37,23.58,23.61,23.59,100,1732812157961,1368,100.0
2024-11-28 16:42:37,23.58,23.61,23.61,100,1732812157468,1336,100.0
2024-11-28 16:42:20,23.58,23.61,23.58,100,1732812140382,1368,100.0
2024-11-28 16:42:20,23.58,23.61,23.61,100,1732812140221,1336,100.0
2024-11-28 16:42:03,23.59,23.62,23.59,100,1732812123109,1368,100.0
2024-11-28 16:42:03,23.59,23.62,23.62,100,1732812123087,1336,100.0
2024-11-28 16:41:46,23.65,23.68,23.65,600,1732812106580,1368,600.0
2024-11-28 16:41:46,23.65,23.68,23.65,4800,1732812106580,1368,4800.0
2024-11-28 16:41:33,23.56,23.58,23.67,100,1732812093285,1368,100.0
2024-11-28 16:41:33,23.56,23.58,23.67,200,1732812093263,1368,200.0
2024-11-28 16:41:33,23.56,23.58,23.67,300,1732812093262,1368,300.0
2024-11-28 16:41:33,23.56,23.58,23.68,300,1732812093400,1336,300.0
2024-11-28 16:41:32,23.56,23.58,23.6,2700,1732812092139,1336,2700.0
2024-11-28 16:41:32,23.56,23.58,23.59,300,1732812092137,1336,300.0
2024-11-28 16:41:32,23.56,23.58,23.59,1100,1732812092138,1336,1100.0
2024-11-28 16:41:32,23.56,23.58,23.62,200,1732812092139,1336,200.0
2024-11-28 16:41:32,23.56,23.58,23.58,100,1732812092103,1336,100.0
2024-11-28 16:41:32,23.56,23.58,23.58,100,1732812092098,1336,100.0
2024-11-28 16:41:32,23.56,23.58,23.61,800,1732812092139,1336,800.0
2024-11-28 16:41:32,23.56,23.58,23.62,100,1732812092140,1336,100.0
2024-11-28 16:41:32,23.56,23.58,23.64,100,1732812092141,1336,100.0
2024-11-28 16:41:32,23.56,23.58,23.65,200,1732812092141,1336,200.0
2024-11-28 16:41:32,23.56,23.58,23.65,200,1732812092141,1336,200.0
2024-11-28 16:41:32,23.56,23.58,23.67,100,1732812092143,1336,100.0
2024-11-28 16:41:32,23.56,23.58,23.68,300,1732812092185,1368,300.0
2024-11-28 16:41:32,23.56,23.58,23.68,200,1732812092385,1368,200.0
2024-11-28 16:41:32,23.56,23.58,23.63,100,1732812092140,1336,100.0
2024-11-28 16:39:06,23.56,23.59,23.59,100,1732811946855,1336,100.0
2024-11-28 16:39:05,23.57,23.59,23.56,300,1732811945578,1368,300.0
2024-11-28 16:39:01,23.57,23.59,23.56,100,1732811941123,1368,100.0
2024-11-28 16:37:45,23.56,23.58,23.56,100,1732811865298,1368,100.0
2024-11-28 16:37:45,23.56,23.58,23.56,100,1732811865264,1368,100.0
